2392 3892
305 504 591 574 Hunornns.
617 500 696 568 Er.
722 499 778 572 ΙΙ.
876 519 901 593 5

218 642 538 705 {ema
849 656 868 697 s

344 759 646 839 'sarstonn
687 779 741 841 11.

247 903 452 968 ‚anrzts
479 903 829 962 Drnornoonrr.

191 991 904 1123 Hosrrrnfflemophoon,tuate,Rhodope'iaPhyllis,

229 1128 303 1178 Ultra
317 1129 450 1194 promissum
465 1144 557 1197 tempus
574 1130 652 1181 abesse
667 1145 765 1196 queror.

190 1199 295 1251 Cornua
312 1219 365 1251 curn
383 1202 457 1252 Lunae
477 1207 549 1269 pleno
566 1217 650 1270 quater
668 1204 727 1253 orbe
743 1201 863 1261 coissent,

228 1273 349 1323 Litoribus
365 1274 448 1324 nostris
463 1293 550 1326 ancora
562 1277 629 1343 pasta
645 1288 687 1325 tua
702 1274 745 1324 est.

188 1346 258 1396 Luna
276 1358 361 1413 quater
376 1350 470 1403 latuit,
490 1352 563 1412 pleno
580 1362 664 1414 quater
681 1350 740 1397 orbe
756 1348 861 1398 recrevit
869 1366 879 1408 ;
912 1373 926 1421 5

226 1420 283 1469 Nec
298 1420 366 1469 vehit
379 1419 473 1469 Adaeas
486 1421 590 1470 Sithonis
604 1420 666 1470 unda
679 1432 752 1471 rates.

187 1492 316 1557 Tempora
325 1509 346 1550 st
354 1508 473 1551 numeres,
482 1494 543 1544 bene
553 1511 606 1560 quae
615 1510 766 1544 numeramus
774 1507 879 1545 amantes
889 1528 897 1555 ,

225 1567 285 1615 Non
303 1565 370 1615 venit
383 1578 439 1615 ante
455 1566 519 1616 suum
535 1568 613 1617 nostra
629 1567 728 1632 querela
743 1568 815 1616 diem.

188 1638 250 1705 Spes
263 1655 359 1704 quoque
371 1641 436 1688 lenta
446 1640 491 1689 fuit
503 1657 510 1690 ι
522 1638 590 1689 tard'e
603 1673 611 1698 ,
625 1656 678 1705 quae
689 1640 779 1689 credita
790 1641 897 1699 laedunt,

227 1711 354 1760 Credimus
371 1727 379 1762 e
398 1711 473 1761 inviti
488 1729 552 1761 nunc
572 1713 598 1763 ὅ(
613 1724 725 1770 amante,
742 1727 842 1764 nocent.
914 1737 946 1775 10

189 1785 260 1851 Saepe
275 1784 309 1833 fui
325 1785 426 1833 mendax
440 1801 485 1849 pro
498 1797 523 1834 te
540 1785 617 1842 mihi3
633 1785 694 1850 saepe
707 1786 791 1849 putavi

226 1858 289 1907 Alba
304 1857 454 1924 procellosos
468 1859 522 1907 vela
536 1858 628 1907 referre
643 1870 726 1906 notos.

189 1929 285 1981 Thesea
302 1930 407 1989 devovi,
430 1931 483 1996 quia
498 1942 523 1981 te
538 1931 659 1980 dimittere
674 1931 771 1981 nollet:

227 2005 281 2053 Nec
296 2005 375 2053 tenuit
392 2004 471 2054 cursus
485 2005 586 2054 forsitan
602 2005 644 2053 ille
659 2015 727 2052 tuos.
789 1997 794 2008 ⁸

191 2076 314 2127 interdum
327 2078 408 2135 timui,
424 2094 454 2127 ne
467 2111 474 2135 ,
488 2078 543 2127 dum
553 2077 615 2126 vada
627 2077 706 2126 tendis
717 2076 747 2125 ad
757 2075 852 2136 Hebri,
913 2104 942 2154 ¹5

229 2149 309 2200 Mersa
320 2151 385 2200 soret
396 2150 455 2198 canit
466 2152 578 2217 naufraga
588 2150 674 2215 puppis
685 2148 755 2213 aqud.

194 2221 261 2287 Saepe
275 2224 334 2274 deos
347 2223 448 2288 supplex
459 2238 503 2285 pro
515 2235 539 2271 te
550 2256 557 2279 ,
570 2222 703 2276 scelerate,
717 2220 817 2285 rogavi,

230 2295 289 2345 Cum
300 2312 377 2362 prece
388 2293 523 2342 turicremis
537 2293 684 2341 deveneram
695 2291 765 2340 focis.

196 2366 262 2432 Saepe
275 2369 362 2418 videns
376 2379 465 2416 ventos
476 2367 539 2415 coelo
550 2367 687 2433 pelagoque
702 2363 826 2424 faventes,

230 2441 280 2506 lpsa
293 2441 352 2489 mihi
365 2438 413 2488 dixi
426 2456 434 2496 3
447 2439 472 2489 Si
482 2442 548 2488 valet
557 2440 597 2489 ille
611 2473 618 2497 ,
630 2437 708 2487 venit.

197 2510 307 2579 Denique
318 2512 379 2562 sidus
390 2526 473 2571 amor,
489 2512 602 2578 quicquid
612 2511 795 2579 properantibus
806 2511 899 2573 obstat,

229 2586 247 2637 F
248 2587 325 2643 inxit;
340 2586 365 2635 δὲ
375 2585 404 2634 ad
417 2585 496 2636 causas
506 2586 628 2652 ingeniosa
638 2585 682 2636 sui.

198 2654 227 2707 At
237 2671 265 2708 tu
276 2658 357 2707 lentus
368 2659 424 2708 abes
432 2692 441 2727 Ἴ,
456 2676 502 2708 nec
513 2670 538 2708 te
548 2658 625 2724 jurata
634 2659 756 2709 reducunt
850 2697 856 2708 .

230 2730 355 2787 Numina,
370 2747 414 2779 nec
429 2731 508 2782 nostro
523 2746 602 2784 motus
618 2749 699 2783 amore
715 2732 790 2783 redis.

200 2799 376 2869 Demophoon,
389 2804 466 2853 ventis
478 2806 504 2855 ὃ(
514 2807 587 2855 verba
598 2806 624 2856 &
634 2808 689 2855 vela
700 2804 793 2855 dedisti:
914 2830 946 2879 25

231 2878 294 2927 Vela
306 2892 398 2943 queror
407 2876 500 2935 reditu,
514 2880 588 2926 verba
600 2889 682 2928 carere
692 2877 752 2926 fide.

202 2944 243 2997 Dic
253 2950 326 3010 mihi3
340 2947 407 3011 Quid
414 2949 463 2998 feci
473 2982 480 3007 ,
492 2949 536 2999 nisi
548 2966 596 2999 non
606 2951 724 3015 sapienter
734 2947 828 3000 amavi?

223 3020 338 3078 ‚Crimine
353 3033 378 3070 te
389 3021 460 3085 potui
471 3021 609 3072 demeruisse
619 3039 685 3071 meo.

203 3090 279 3144 Unum
289 3093 315 3146 in
326 3109 366 3146 me
382 3092 459 3142 scelus
470 3092 520 3150 est,
535 3094 600 3158 quod
610 3106 650 3151 te,
665 3094 797 3153 scelerate,
807 3092 901 3159 recepi:

231 3163 283 3218 Sed
292 3165 428 3230 scelushoc
439 3164 518 3218 meriti
528 3166 622 3234 pondus
633 3165 737 3220 &instar
745 3168 829 3217 habet.
917 3176 952 3228 30
1030 3230 1033 3234 ,

758 3239 783 3291 Α
797 3235 826 3306 iij
1016 3244 1020 3266 ²

911 2476 945 2512 20
