<?xml version="1.0" encoding="UTF-8"?>
<!DOCTYPE html PUBLIC "-//W3C//DTD XHTML 1.0 Transitional//EN"
    "http://www.w3.org/TR/xhtml1/DTD/xhtml1-transitional.dtd">
<html xmlns="http://www.w3.org/1999/xhtml" xml:lang="en" lang="en">
 <head>
  <title>
</title>
<meta http-equiv="Content-Type" content="text/html;charset=utf-8" />
  <meta name='ocr-system' content='tesseract 3.04.00' />
  <meta name='ocr-capabilities' content='ocr_page ocr_carea ocr_par ocr_line ocrx_word'/>
</head>
<body>
  <div class='ocr_page' id='page_1' title='image "./povidiinasoniso00heingoog_0328.png"; bbox 0 0 2392 3892; ppageno 0'>
   <div class='ocr_carea' id='block_1_1' title="bbox 339 434 920 528">
    <p class='ocr_par' dir='ltr' id='par_1_1' title="bbox 339 434 920 528">
     <span class='ocr_line' id='line_1_1' title="bbox 339 434 920 528; baseline 0.009 -30"><span class='ocrx_word' id='word_1_1' title='bbox 339 434 731 500; x_wconf 69' lang='lat' dir='ltr'>Consorarrm</span> <span class='ocrx_word' id='word_1_2' title='bbox 826 456 920 528; x_wconf 61' lang='grc' dir='ltr'>3η·</span> 
     </span>
    </p>
   </div>
   <div class='ocr_carea' id='block_1_2' title="bbox 167 543 962 3167">
    <p class='ocr_par' dir='ltr' id='par_1_2' title="bbox 190 543 961 689">
     <span class='ocr_line' id='line_1_2' title="bbox 190 543 961 615; baseline 0.003 -15"><span class='ocrx_word' id='word_1_3' title='bbox 190 543 322 612; x_wconf 75' lang='lat' dir='ltr'>Accipient</span> <span class='ocrx_word' id='word_1_4' title='bbox 337 544 469 611; x_wconf 82' lang='lat' dir='ltr'>juvenem,</span> <span class='ocrx_word' id='word_1_5' title='bbox 485 548 630 600; x_wconf 81' lang='lat' dir='ltr'>Germanica</span> <span class='ocrx_word' id='word_1_6' title='bbox 645 548 713 615; x_wconf 80' lang='lat' dir='ltr'>signa</span> <span class='ocrx_word' id='word_1_7' title='bbox 728 549 847 601; x_wconf 87' lang='lat' dir='ltr'>serentem</span> <span class='ocrx_word' id='word_1_8' title='bbox 912 559 961 611; x_wconf 83' lang='lat'>335</span> 
     </span>
     <span class='ocr_line' id='line_1_3' title="bbox 229 620 811 689; baseline 0.003 -18"><span class='ocrx_word' id='word_1_9' title='bbox 229 620 341 671; x_wconf 84' lang='lat' dir='ltr'><strong>Consulis</strong></span> <span class='ocrx_word' id='word_1_10' title='bbox 358 621 479 688; x_wconf 89' lang='lat' dir='ltr'>imperio,</span> <span class='ocrx_word' id='word_1_11' title='bbox 498 622 700 689; x_wconf 88' lang='lat' dir='ltr'>conspicuumque</span> <span class='ocrx_word' id='word_1_12' title='bbox 717 622 811 673; x_wconf 83' lang='lat' dir='ltr'>decus:</span> 
     </span>
    </p>

    <p class='ocr_par' dir='ltr' id='par_1_3' title="bbox 191 692 832 830">
     <span class='ocr_line' id='line_1_4' title="bbox 191 692 832 763; baseline 0 -18"><span class='ocrx_word' id='word_1_13' title='bbox 191 692 391 759; x_wconf 80' lang='lat' dir='ltr'>Gaudebuntque</span> <span class='ocrx_word' id='word_1_14' title='bbox 405 694 452 743; x_wconf 80' lang='lat' dir='ltr'>suae</span> <span class='ocrx_word' id='word_1_15' title='bbox 470 695 555 744; x_wconf 88' lang='lat' dir='ltr'>merito</span> <span class='ocrx_word' id='word_1_16' title='bbox 573 694 717 763; x_wconf 80' lang='lat' dir='ltr'>cognomine</span> <span class='ocrx_word' id='word_1_17' title='bbox 733 696 832 762; x_wconf 79' lang='lat' dir='ltr'>gentis,</span> 
     </span>
     <span class='ocr_line' id='line_1_5' title="bbox 229 766 790 830; baseline 0.007 -15"><span class='ocrx_word' id='word_1_18' title='bbox 229 766 305 830; x_wconf 88' lang='lat' dir='ltr'>Quod</span> <span class='ocrx_word' id='word_1_19' title='bbox 320 766 384 816; x_wconf 85' lang='lat' dir='ltr'>solus</span> <span class='ocrx_word' id='word_1_20' title='bbox 400 768 492 817; x_wconf 88' lang='lat' dir='ltr'>domito</span> <span class='ocrx_word' id='word_1_21' title='bbox 507 768 584 817; x_wconf 75' lang='lat' dir='ltr'>vidior</span> <span class='ocrx_word' id='word_1_22' title='bbox 598 769 628 818; x_wconf 78' lang='lat' dir='ltr'>ab</span> <span class='ocrx_word' id='word_1_23' title='bbox 642 768 710 819; x_wconf 84' lang='lat' dir='ltr'>hoste</span> <span class='ocrx_word' id='word_1_24' title='bbox 726 770 790 819; x_wconf 87' lang='lat' dir='ltr'>tulit.</span> 
     </span>
    </p>

    <p class='ocr_par' dir='ltr' id='par_1_4' title="bbox 190 838 962 981">
     <span class='ocr_line' id='line_1_6' title="bbox 190 838 830 907; baseline 0.005 -18"><span class='ocrx_word' id='word_1_25' title='bbox 190 839 242 894; x_wconf 81' lang='lat' dir='ltr'>Vix</span> <span class='ocrx_word' id='word_1_26' title='bbox 259 838 361 890; x_wconf 93' lang='lat' dir='ltr'>credent</span> <span class='ocrx_word' id='word_1_27' title='bbox 375 851 467 889; x_wconf 79' lang='lat' dir='ltr'>tanturn</span> <span class='ocrx_word' id='word_1_28' title='bbox 483 856 562 892; x_wconf 89' lang='lat' dir='ltr'>rerum</span> <span class='ocrx_word' id='word_1_29' title='bbox 579 840 666 907; x_wconf 79' lang='lat' dir='ltr'>cepisse</span> <span class='ocrx_word' id='word_1_30' title='bbox 682 851 721 891; x_wconf 88' lang='lat' dir='ltr'>tot</span> <span class='ocrx_word' id='word_1_31' title='bbox 736 858 830 892; x_wconf 85' lang='lat' dir='ltr'>annos:</span> 
     </span>
     <span class='ocr_line' id='line_1_7' title="bbox 228 911 962 981; baseline 0.005 -20"><span class='ocrx_word' id='word_1_32' title='bbox 228 912 319 978; x_wconf 82' lang='lat' dir='ltr'>Magna</span> <span class='ocrx_word' id='word_1_33' title='bbox 334 911 379 963; x_wconf 83' lang='lat' dir='ltr'>viri</span> <span class='ocrx_word' id='word_1_34' title='bbox 394 914 468 963; x_wconf 80' lang='lat' dir='ltr'>latum</span> <span class='ocrx_word' id='word_1_35' title='bbox 483 930 591 980; x_wconf 83' lang='lat' dir='ltr'>quaerere</span> <span class='ocrx_word' id='word_1_36' title='bbox 608 914 668 964; x_wconf 72' lang='lat' dir='ltr'>fatte</span> <span class='ocrx_word' id='word_1_37' title='bbox 685 914 774 964; x_wconf 89' lang='lat' dir='ltr'>locum.</span> <span class='ocrx_word' id='word_1_38' title='bbox 912 929 962 981; x_wconf 82' lang='lat'>340</span> 
     </span>
    </p>

    <p class='ocr_par' dir='ltr' id='par_1_5' title="bbox 189 983 903 1110">
     <span class='ocr_line' id='line_1_8' title="bbox 189 983 903 1054; baseline 0.003 -19"><span class='ocrx_word' id='word_1_39' title='bbox 189 983 253 1037; x_wconf 86' lang='lat' dir='ltr'>Haec</span> <span class='ocrx_word' id='word_1_40' title='bbox 270 984 345 1049; x_wconf 84' lang='lat' dir='ltr'>ipsum</span> <span class='ocrx_word' id='word_1_41' title='bbox 360 986 457 1036; x_wconf 87' lang='lat' dir='ltr'>sublime</span> <span class='ocrx_word' id='word_1_42' title='bbox 472 986 552 1037; x_wconf 87' lang='lat' dir='ltr'>ferent</span> <span class='ocrx_word' id='word_1_43' title='bbox 567 1003 574 1037; x_wconf 73' lang='grc' dir='ltr'>ς</span> <span class='ocrx_word' id='word_1_44' title='bbox 590 988 663 1045; x_wconf 79' lang='lat' dir='ltr'>hec,</span> <span class='ocrx_word' id='word_1_45' title='bbox 680 988 770 1054; x_wconf 75' lang='lat' dir='ltr'>optima</span> <span class='ocrx_word' id='word_1_46' title='bbox 787 998 864 1039; x_wconf 80' lang='lat' dir='ltr'>mater</span> <span class='ocrx_word' id='word_1_47' title='bbox 874 1022 903 1048; x_wconf 91' lang='lat'>‚-</span> 
     </span>
     <span class='ocr_line' id='line_1_9' title="bbox 225 1058 693 1110; baseline 0.002 -2"><span class='ocrx_word' id='word_1_48' title='bbox 225 1058 372 1108; x_wconf 79' lang='lat' dir='ltr'>Debuerant</span> <span class='ocrx_word' id='word_1_49' title='bbox 389 1059 467 1108; x_wconf 71' lang='lat' dir='ltr'>luctus</span> <span class='ocrx_word' id='word_1_50' title='bbox 483 1072 609 1110; x_wconf 79' lang='lat' dir='ltr'>attenuare</span> <span class='ocrx_word' id='word_1_51' title='bbox 628 1073 693 1109; x_wconf 81' lang='lat' dir='ltr'>tuos.</span> 
     </span>
    </p>

    <p class='ocr_par' dir='ltr' id='par_1_6' title="bbox 188 1131 843 1273">
     <span class='ocr_line' id='line_1_10' title="bbox 188 1131 843 1199; baseline 0 -17"><span class='ocrx_word' id='word_1_52' title='bbox 188 1131 288 1182; x_wconf 82' lang='lat' dir='ltr'>Femina</span> <span class='ocrx_word' id='word_1_53' title='bbox 305 1132 376 1199; x_wconf 80' lang='lat' dir='ltr'>digna</span> <span class='ocrx_word' id='word_1_54' title='bbox 391 1132 456 1190; x_wconf 87' lang='lat' dir='ltr'>illis,</span> <span class='ocrx_word' id='word_1_55' title='bbox 476 1148 536 1198; x_wconf 88' lang='lat' dir='ltr'>quos</span> <span class='ocrx_word' id='word_1_56' title='bbox 552 1149 625 1182; x_wconf 84' lang='lat' dir='ltr'>aurea</span> <span class='ocrx_word' id='word_1_57' title='bbox 642 1132 750 1194; x_wconf 74' lang='lat' dir='ltr'>condidit</span> <span class='ocrx_word' id='word_1_58' title='bbox 765 1145 843 1193; x_wconf 62' lang='grc' dir='ltr'>τω,</span> 
     </span>
     <span class='ocr_line' id='line_1_11' title="bbox 226 1203 766 1273; baseline 0.007 -20"><span class='ocrx_word' id='word_1_59' title='bbox 226 1203 376 1269; x_wconf 77' lang='lat' dir='ltr'>Principibus</span> <span class='ocrx_word' id='word_1_60' title='bbox 393 1204 472 1263; x_wconf 81' lang='lat' dir='ltr'>natis,</span> <span class='ocrx_word' id='word_1_61' title='bbox 493 1205 601 1271; x_wconf 81' lang='lat' dir='ltr'>principe</span> <span class='ocrx_word' id='word_1_62' title='bbox 617 1206 689 1273; x_wconf 83' lang='lat' dir='ltr'>digna</span> <span class='ocrx_word' id='word_1_63' title='bbox 701 1207 766 1257; x_wconf 83' lang='lat' dir='ltr'>viro.</span> 
     </span>
    </p>

    <p class='ocr_par' dir='ltr' id='par_1_7' title="bbox 188 1275 960 1417">
     <span class='ocr_line' id='line_1_12' title="bbox 188 1275 960 1345; baseline 0.008 -20"><span class='ocrx_word' id='word_1_64' title='bbox 188 1275 257 1341; x_wconf 84' lang='lat' dir='ltr'>Quid</span> <span class='ocrx_word' id='word_1_65' title='bbox 268 1277 354 1327; x_wconf 86' lang='lat' dir='ltr'>deceat</span> <span class='ocrx_word' id='word_1_66' title='bbox 364 1276 438 1327; x_wconf 82' lang='lat' dir='ltr'>Drusi</span> <span class='ocrx_word' id='word_1_67' title='bbox 449 1290 548 1327; x_wconf 81' lang='lat' dir='ltr'>matrem</span> <span class='ocrx_word' id='word_1_68' title='bbox 561 1312 568 1336; x_wconf 85' lang='lat'>‚</span> <span class='ocrx_word' id='word_1_69' title='bbox 586 1291 734 1345; x_wconf 84' lang='lat' dir='ltr'>matremque</span> <span class='ocrx_word' id='word_1_70' title='bbox 746 1278 870 1339; x_wconf 84' lang='lat' dir='ltr'>Neronis,</span> <span class='ocrx_word' id='word_1_71' title='bbox 910 1294 960 1345; x_wconf 82' lang='lat'>345</span> 
     </span>
     <span class='ocr_line' id='line_1_13' title="bbox 225 1348 803 1417; baseline 0.007 -19"><span class='ocrx_word' id='word_1_72' title='bbox 225 1348 314 1415; x_wconf 79' lang='lat' dir='ltr'>Aspice</span> <span class='ocrx_word' id='word_1_73' title='bbox 330 1364 341 1401; x_wconf 73' lang='grc' dir='ltr'>τ’</span> <span class='ocrx_word' id='word_1_74' title='bbox 354 1366 403 1417; x_wconf 84' lang='lat' dir='ltr'>quo</span> <span class='ocrx_word' id='word_1_75' title='bbox 419 1350 518 1417; x_wconf 79' lang='lat' dir='ltr'>surgas,</span> <span class='ocrx_word' id='word_1_76' title='bbox 537 1351 636 1417; x_wconf 80' lang='lat' dir='ltr'>aspice,</span> <span class='ocrx_word' id='word_1_77' title='bbox 653 1369 722 1401; x_wconf 86' lang='lat' dir='ltr'>mane</span> <span class='ocrx_word' id='word_1_78' title='bbox 737 1364 803 1402; x_wconf 85' lang='lat' dir='ltr'>toro.</span> 
     </span>
    </p>

    <p class='ocr_par' dir='ltr' id='par_1_8' title="bbox 187 1420 879 1562">
     <span class='ocr_line' id='line_1_14' title="bbox 187 1420 879 1490; baseline 0.004 -18"><span class='ocrx_word' id='word_1_79' title='bbox 187 1420 247 1472; x_wconf 85' lang='lat' dir='ltr'>Non</span> <span class='ocrx_word' id='word_1_80' title='bbox 262 1423 346 1472; x_wconf 83' lang='lat' dir='ltr'>eadem</span> <span class='ocrx_word' id='word_1_81' title='bbox 363 1423 497 1490; x_wconf 81' lang='lat' dir='ltr'>vulgusque</span> <span class='ocrx_word' id='word_1_82' title='bbox 515 1424 624 1483; x_wconf 89' lang='lat' dir='ltr'>decent,</span> <span class='ocrx_word' id='word_1_83' title='bbox 645 1425 671 1475; x_wconf 77' lang='grc' dir='ltr'>δι</span> <span class='ocrx_word' id='word_1_84' title='bbox 686 1426 773 1474; x_wconf 82' lang='lat' dir='ltr'>lumina</span> <span class='ocrx_word' id='word_1_85' title='bbox 788 1441 879 1475; x_wconf 88' lang='lat' dir='ltr'>rerum.</span> 
     </span>
     <span class='ocr_line' id='line_1_15' title="bbox 226 1494 780 1562; baseline 0.004 -18"><span class='ocrx_word' id='word_1_86' title='bbox 226 1494 265 1544; x_wconf 76' lang='lat' dir='ltr'>En</span> <span class='ocrx_word' id='word_1_87' title='bbox 282 1496 346 1562; x_wconf 87' lang='lat' dir='ltr'>quod</span> <span class='ocrx_word' id='word_1_88' title='bbox 362 1497 508 1562; x_wconf 70' lang='lat' dir='ltr'>precipuum</span> <span class='ocrx_word' id='word_1_89' title='bbox 526 1497 614 1546; x_wconf 84' lang='lat' dir='ltr'>debeat</span> <span class='ocrx_word' id='word_1_90' title='bbox 631 1496 670 1546; x_wconf 83' lang='lat' dir='ltr'>ista</span> <span class='ocrx_word' id='word_1_91' title='bbox 686 1497 780 1547; x_wconf 84' lang='lat' dir='ltr'>domus.</span> 
     </span>
    </p>

    <p class='ocr_par' dir='ltr' id='par_1_9' title="bbox 188 1566 961 1709">
     <span class='ocr_line' id='line_1_16' title="bbox 188 1566 819 1636; baseline 0.005 -20"><span class='ocrx_word' id='word_1_92' title='bbox 188 1566 305 1633; x_wconf 84' lang='lat' dir='ltr'>imposuit</span> <span class='ocrx_word' id='word_1_93' title='bbox 318 1580 343 1619; x_wconf 88' lang='lat' dir='ltr'>te</span> <span class='ocrx_word' id='word_1_94' title='bbox 359 1571 410 1619; x_wconf 79' lang='lat' dir='ltr'>alto</span> <span class='ocrx_word' id='word_1_95' title='bbox 427 1570 550 1628; x_wconf 81' lang='lat' dir='ltr'>Fortuna,</span> <span class='ocrx_word' id='word_1_96' title='bbox 571 1571 701 1636; x_wconf 89' lang='lat' dir='ltr'>locumque</span> <span class='ocrx_word' id='word_1_97' title='bbox 716 1570 781 1621; x_wconf 91' lang='lat' dir='ltr'>tueri</span> <span class='ocrx_word' id='word_1_98' title='bbox 810 1588 819 1607; x_wconf 84' lang='lat'><strong>·</strong></span> 
     </span>
     <span class='ocr_line' id='line_1_17' title="bbox 226 1639 961 1709; baseline 0.005 -20"><span class='ocrx_word' id='word_1_99' title='bbox 226 1639 303 1691; x_wconf 84' lang='lat' dir='ltr'>Jussit</span> <span class='ocrx_word' id='word_1_100' title='bbox 319 1642 480 1701; x_wconf 84' lang='lat' dir='ltr'>honoratum,</span> <span class='ocrx_word' id='word_1_101' title='bbox 498 1643 565 1692; x_wconf 88' lang='lat' dir='ltr'>Livia</span> <span class='ocrx_word' id='word_1_102' title='bbox 581 1660 588 1693; x_wconf 73' lang='grc' dir='ltr'><strong><em>ε</em></strong></span> <span class='ocrx_word' id='word_1_103' title='bbox 605 1643 687 1709; x_wconf 80' lang='lat' dir='ltr'>perfer</span> <span class='ocrx_word' id='word_1_104' title='bbox 703 1659 774 1694; x_wconf 85' lang='lat' dir='ltr'>onus.</span> <span class='ocrx_word' id='word_1_105' title='bbox 910 1657 921 1707; x_wconf 84' lang='lat'>3</span> <span class='ocrx_word' id='word_1_106' title='bbox 929 1660 961 1706; x_wconf 82' lang='lat'>50</span> 
     </span>
    </p>

    <p class='ocr_par' dir='ltr' id='par_1_10' title="bbox 189 1712 917 1856">
     <span class='ocr_line' id='line_1_18' title="bbox 189 1712 917 1781; baseline 0.007 -19"><span class='ocrx_word' id='word_1_107' title='bbox 189 1712 230 1762; x_wconf 79' lang='lat' dir='ltr'>Ad</span> <span class='ocrx_word' id='word_1_108' title='bbox 246 1724 272 1761; x_wconf 93' lang='lat' dir='ltr'>te</span> <span class='ocrx_word' id='word_1_109' title='bbox 289 1714 393 1773; x_wconf 81' lang='lat' dir='ltr'>oculos,</span> <span class='ocrx_word' id='word_1_110' title='bbox 413 1732 531 1781; x_wconf 82' lang='lat' dir='ltr'>auresque</span> <span class='ocrx_word' id='word_1_111' title='bbox 546 1716 620 1764; x_wconf 79' lang='lat' dir='ltr'>trahis</span> <span class='ocrx_word' id='word_1_112' title='bbox 637 1732 644 1765; x_wconf 74' lang='grc' dir='ltr'>ι</span> <span class='ocrx_word' id='word_1_113' title='bbox 660 1728 701 1765; x_wconf 82' lang='lat' dir='ltr'>tua</span> <span class='ocrx_word' id='word_1_114' title='bbox 719 1717 780 1766; x_wconf 69' lang='lat' dir='ltr'>faria</span> <span class='ocrx_word' id='word_1_115' title='bbox 797 1728 917 1767; x_wconf 79' lang='lat' dir='ltr'>notamus.</span> 
     </span>
     <span class='ocr_line' id='line_1_19' title="bbox 227 1786 788 1856; baseline 0.005 -22"><span class='ocrx_word' id='word_1_116' title='bbox 227 1786 280 1834; x_wconf 89' lang='lat' dir='ltr'>Nec</span> <span class='ocrx_word' id='word_1_117' title='bbox 297 1802 347 1836; x_wconf 83' lang='lat' dir='ltr'>vox</span> <span class='ocrx_word' id='word_1_118' title='bbox 361 1786 425 1836; x_wconf 74' lang='lat' dir='ltr'>missa</span> <span class='ocrx_word' id='word_1_119' title='bbox 441 1788 520 1853; x_wconf 83' lang='lat' dir='ltr'>potest</span> <span class='ocrx_word' id='word_1_120' title='bbox 537 1788 649 1853; x_wconf 85' lang='lat' dir='ltr'>principis</span> <span class='ocrx_word' id='word_1_121' title='bbox 668 1803 712 1838; x_wconf 87' lang='lat' dir='ltr'>ote</span> <span class='ocrx_word' id='word_1_122' title='bbox 728 1788 788 1856; x_wconf 84' lang='lat' dir='ltr'>tegi.</span> 
     </span>
    </p>

    <p class='ocr_par' dir='ltr' id='par_1_11' title="bbox 187 1856 917 2001">
     <span class='ocr_line' id='line_1_20' title="bbox 187 1856 810 1929; baseline 0.003 -20"><span class='ocrx_word' id='word_1_123' title='bbox 187 1856 247 1909; x_wconf 65' lang='lat' dir='ltr'>dita</span> <span class='ocrx_word' id='word_1_124' title='bbox 261 1874 350 1917; x_wconf 79' lang='lat' dir='ltr'>mane3</span> <span class='ocrx_word' id='word_1_125' title='bbox 369 1858 484 1926; x_wconf 81' lang='lat' dir='ltr'>supraque</span> <span class='ocrx_word' id='word_1_126' title='bbox 502 1873 557 1909; x_wconf 85' lang='lat' dir='ltr'>tuos</span> <span class='ocrx_word' id='word_1_127' title='bbox 575 1860 676 1929; x_wconf 83' lang='lat' dir='ltr'>exsurge</span> <span class='ocrx_word' id='word_1_128' title='bbox 693 1860 810 1911; x_wconf 82' lang='lat' dir='ltr'>doleres:</span> 
     </span>
     <span class='ocr_line' id='line_1_21' title="bbox 226 1930 917 2001; baseline 0.004 -21"><span class='ocrx_word' id='word_1_129' title='bbox 226 1930 411 1999; x_wconf 80' lang='lat' dir='ltr'>infragilemque</span> <span class='ocrx_word' id='word_1_130' title='bbox 427 1933 550 1991; x_wconf 83' lang='lat' dir='ltr'>animum,</span> <span class='ocrx_word' id='word_1_131' title='bbox 569 1935 634 1998; x_wconf 87' lang='lat' dir='ltr'>quod</span> <span class='ocrx_word' id='word_1_132' title='bbox 648 1946 740 1999; x_wconf 78' lang='lat' dir='ltr'>potes,</span> <span class='ocrx_word' id='word_1_133' title='bbox 758 1949 835 2001; x_wconf 83' lang='lat' dir='ltr'>usque</span> <span class='ocrx_word' id='word_1_134' title='bbox 852 1947 917 1985; x_wconf 84' lang='lat' dir='ltr'>tene.</span> 
     </span>
    </p>

    <p class='ocr_par' dir='ltr' id='par_1_12' title="bbox 188 2002 958 2144">
     <span class='ocr_line' id='line_1_22' title="bbox 188 2002 958 2071; baseline 0.005 -16"><span class='ocrx_word' id='word_1_135' title='bbox 188 2002 229 2055; x_wconf 74' lang='lat' dir='ltr'>An</span> <span class='ocrx_word' id='word_1_136' title='bbox 246 2002 330 2054; x_wconf 77' lang='lat' dir='ltr'>melitis</span> <span class='ocrx_word' id='word_1_137' title='bbox 347 2017 429 2069; x_wconf 90' lang='lat' dir='ltr'>perte</span> <span class='ocrx_word' id='word_1_138' title='bbox 445 2007 559 2055; x_wconf 86' lang='lat' dir='ltr'>virtutum</span> <span class='ocrx_word' id='word_1_139' title='bbox 576 2008 686 2070; x_wconf 83' lang='lat' dir='ltr'>exempla</span> <span class='ocrx_word' id='word_1_140' title='bbox 702 2021 833 2071; x_wconf 79' lang='lat' dir='ltr'>petemus,</span> <span class='ocrx_word' id='word_1_141' title='bbox 907 2020 958 2071; x_wconf 85' lang='lat'>355</span> 
     </span>
     <span class='ocr_line' id='line_1_23' title="bbox 227 2075 771 2144; baseline 0.004 -18"><span class='ocrx_word' id='word_1_142' title='bbox 227 2075 310 2141; x_wconf 79' lang='lat' dir='ltr'>Qudm</span> <span class='ocrx_word' id='word_1_143' title='bbox 322 2077 342 2126; x_wconf 87' lang='lat' dir='ltr'>si</span> <span class='ocrx_word' id='word_1_144' title='bbox 358 2076 473 2126; x_wconf 65' lang='lat' dir='ltr'>Romanae</span> <span class='ocrx_word' id='word_1_145' title='bbox 490 2078 602 2142; x_wconf 79' lang='lat' dir='ltr'>principit</span> <span class='ocrx_word' id='word_1_146' title='bbox 619 2079 669 2126; x_wconf 81' lang='lat' dir='ltr'>edit</span> <span class='ocrx_word' id='word_1_147' title='bbox 687 2078 771 2144; x_wconf 78' lang='lat' dir='ltr'>opus?</span> 
     </span>
    </p>

    <p class='ocr_par' dir='ltr' id='par_1_13' title="bbox 189 2150 826 2287">
     <span class='ocr_line' id='line_1_24' title="bbox 189 2150 826 2215; baseline -0.002 -13"><span class='ocrx_word' id='word_1_148' title='bbox 189 2152 249 2203; x_wconf 78' lang='lat' dir='ltr'>Fata</span> <span class='ocrx_word' id='word_1_149' title='bbox 264 2162 362 2200; x_wconf 82' lang='lat' dir='ltr'>manent</span> <span class='ocrx_word' id='word_1_150' title='bbox 380 2166 485 2200; x_wconf 84' lang='lat' dir='ltr'>omnes:</span> <span class='ocrx_word' id='word_1_151' title='bbox 504 2165 588 2200; x_wconf 78' lang='lat' dir='ltr'>omnes</span> <span class='ocrx_word' id='word_1_152' title='bbox 605 2150 725 2215; x_wconf 62' lang='lat' dir='ltr'>exspectat</span> <span class='ocrx_word' id='word_1_153' title='bbox 740 2166 826 2201; x_wconf 76' lang='lat' dir='ltr'>avarus</span> 
     </span>
     <span class='ocr_line' id='line_1_25' title="bbox 226 2222 764 2287; baseline 0 -14"><span class='ocrx_word' id='word_1_154' title='bbox 226 2223 334 2273; x_wconf 85' lang='lat' dir='ltr'>Portitor</span> <span class='ocrx_word' id='word_1_155' title='bbox 346 2240 354 2280; x_wconf 80' lang='lat'>3</span> <span class='ocrx_word' id='word_1_156' title='bbox 375 2223 401 2274; x_wconf 78' lang='grc' dir='ltr'>δι</span> <span class='ocrx_word' id='word_1_157' title='bbox 415 2224 492 2287; x_wconf 68' lang='lat' dir='ltr'>turbe</span> <span class='ocrx_word' id='word_1_158' title='bbox 506 2223 549 2273; x_wconf 83' lang='lat' dir='ltr'>vix</span> <span class='ocrx_word' id='word_1_159' title='bbox 563 2222 618 2273; x_wconf 84' lang='lat' dir='ltr'>satis</span> <span class='ocrx_word' id='word_1_160' title='bbox 634 2240 682 2271; x_wconf 87' lang='lat' dir='ltr'>una</span> <span class='ocrx_word' id='word_1_161' title='bbox 697 2222 764 2274; x_wconf 80' lang='lat' dir='ltr'>ratis.</span> 
     </span>
    </p>

    <p class='ocr_par' dir='ltr' id='par_1_14' title="bbox 188 2296 897 2361">
     <span class='ocr_line' id='line_1_26' title="bbox 188 2296 897 2361; baseline 0.003 -16"><span class='ocrx_word' id='word_1_162' title='bbox 188 2296 322 2347; x_wconf 84' lang='lat' dir='ltr'>Tendimus</span> <span class='ocrx_word' id='word_1_163' title='bbox 332 2297 379 2347; x_wconf 88' lang='lat' dir='ltr'>huc</span> <span class='ocrx_word' id='word_1_164' title='bbox 390 2312 474 2347; x_wconf 86' lang='lat' dir='ltr'>omnes</span> <span class='ocrx_word' id='word_1_165' title='bbox 485 2312 492 2346; x_wconf 81' lang='lat' dir='ltr'>t</span> <span class='ocrx_word' id='word_1_166' title='bbox 505 2308 593 2345; x_wconf 86' lang='lat' dir='ltr'>metam</span> <span class='ocrx_word' id='word_1_167' title='bbox 603 2312 760 2361; x_wconf 79' lang='lat' dir='ltr'>properamus</span> <span class='ocrx_word' id='word_1_168' title='bbox 769 2296 799 2346; x_wconf 82' lang='lat' dir='ltr'>ad</span> <span class='ocrx_word' id='word_1_169' title='bbox 809 2312 879 2345; x_wconf 80' lang='lat' dir='ltr'>unam</span> <span class='ocrx_word' id='word_1_170' title='bbox 889 2312 897 2347; x_wconf 78' lang='lat' dir='ltr'>t</span> 
     </span>
    </p>

    <p class='ocr_par' dir='ltr' id='par_1_15' title="bbox 167 2358 962 2437">
     <span class='ocr_line' id='line_1_27' title="bbox 167 2358 962 2437; baseline -0.001 -18"><span class='ocrx_word' id='word_1_171' title='bbox 167 2358 171 2366; x_wconf 49' lang='lat'>⁸</span> <span class='ocrx_word' id='word_1_172' title='bbox 228 2369 316 2419; x_wconf 83' lang='lat' dir='ltr'>Omnia</span> <span class='ocrx_word' id='word_1_173' title='bbox 334 2369 375 2419; x_wconf 91' lang='lat' dir='ltr'>sub</span> <span class='ocrx_word' id='word_1_174' title='bbox 390 2372 458 2437; x_wconf 84' lang='lat' dir='ltr'>leges</span> <span class='ocrx_word' id='word_1_175' title='bbox 474 2368 545 2419; x_wconf 84' lang='lat' dir='ltr'>Mors</span> <span class='ocrx_word' id='word_1_176' title='bbox 562 2381 634 2418; x_wconf 86' lang='lat' dir='ltr'>vocat</span> <span class='ocrx_word' id='word_1_177' title='bbox 651 2380 703 2418; x_wconf 79' lang='lat' dir='ltr'>atra</span> <span class='ocrx_word' id='word_1_178' title='bbox 718 2369 781 2419; x_wconf 80' lang='lat' dir='ltr'>suas.</span> <span class='ocrx_word' id='word_1_179' title='bbox 909 2369 962 2433; x_wconf 84' lang='lat'>360</span> 
     </span>
    </p>

    <p class='ocr_par' dir='ltr' id='par_1_16' title="bbox 188 2442 897 2581">
     <span class='ocr_line' id='line_1_28' title="bbox 188 2442 897 2509; baseline -0.003 -16"><span class='ocrx_word' id='word_1_180' title='bbox 188 2442 256 2493; x_wconf 84' lang='lat' dir='ltr'>Ecce</span> <span class='ocrx_word' id='word_1_181' title='bbox 273 2458 359 2493; x_wconf 88' lang='lat' dir='ltr'>necem</span> <span class='ocrx_word' id='word_1_182' title='bbox 373 2442 489 2493; x_wconf 81' lang='lat' dir='ltr'>intentam</span> <span class='ocrx_word' id='word_1_183' title='bbox 506 2443 590 2499; x_wconf 82' lang='lat' dir='ltr'>coelo,</span> <span class='ocrx_word' id='word_1_184' title='bbox 607 2454 747 2507; x_wconf 75' lang='lat' dir='ltr'>terreque,</span> <span class='ocrx_word' id='word_1_185' title='bbox 766 2442 897 2509; x_wconf 86' lang='lat' dir='ltr'>fretoque,</span> 
     </span>
     <span class='ocr_line' id='line_1_29' title="bbox 227 2514 757 2581; baseline 0 -18"><span class='ocrx_word' id='word_1_186' title='bbox 227 2514 389 2581; x_wconf 79' lang='lat' dir='ltr'>Casurumque</span> <span class='ocrx_word' id='word_1_187' title='bbox 406 2516 494 2581; x_wconf 82' lang='lat' dir='ltr'>triplex</span> <span class='ocrx_word' id='word_1_188' title='bbox 510 2514 670 2565; x_wconf 81' lang='lat' dir='ltr'>vaticinantur</span> <span class='ocrx_word' id='word_1_189' title='bbox 687 2531 757 2580; x_wconf 84' lang='lat' dir='ltr'>opus.</span> 
     </span>
    </p>

    <p class='ocr_par' dir='ltr' id='par_1_17' title="bbox 188 2587 808 2712">
     <span class='ocr_line' id='line_1_30' title="bbox 188 2587 808 2652; baseline 0 -13"><span class='ocrx_word' id='word_1_190' title='bbox 188 2590 201 2639; x_wconf 93' lang='lat' dir='ltr'><strong>l</strong></span> <span class='ocrx_word' id='word_1_191' title='bbox 218 2604 299 2647; x_wconf 57' lang='lat' dir='ltr'>nuncu</span> <span class='ocrx_word' id='word_1_192' title='bbox 319 2589 362 2647; x_wconf 87' lang='lat'>&amp;,</span> <span class='ocrx_word' id='word_1_193' title='bbox 380 2589 452 2638; x_wconf 88' lang='lat' dir='ltr'>rebus</span> <span class='ocrx_word' id='word_1_194' title='bbox 468 2588 536 2638; x_wconf 73' lang='lat' dir='ltr'>tanti</span> <span class='ocrx_word' id='word_1_195' title='bbox 550 2588 704 2652; x_wconf 87' lang='lat' dir='ltr'>impendente</span> <span class='ocrx_word' id='word_1_196' title='bbox 721 2587 808 2647; x_wconf 68' lang='lat' dir='ltr'>ruini,</span> 
     </span>
     <span class='ocr_line' id='line_1_31' title="bbox 228 2660 780 2712; baseline 0.002 -3"><span class='ocrx_word' id='word_1_197' title='bbox 228 2660 256 2709; x_wconf 95' lang='lat' dir='ltr'>ln</span> <span class='ocrx_word' id='word_1_198' title='bbox 272 2673 298 2710; x_wconf 92' lang='lat' dir='ltr'>te</span> <span class='ocrx_word' id='word_1_199' title='bbox 313 2660 386 2710; x_wconf 82' lang='lat' dir='ltr'>solam</span> <span class='ocrx_word' id='word_1_200' title='bbox 402 2663 487 2712; x_wconf 77' lang='lat' dir='ltr'>oculos</span> <span class='ocrx_word' id='word_1_201' title='bbox 505 2661 531 2711; x_wconf 89' lang='lat'>&amp;</span> <span class='ocrx_word' id='word_1_202' title='bbox 546 2674 588 2709; x_wconf 84' lang='lat' dir='ltr'>tua</span> <span class='ocrx_word' id='word_1_203' title='bbox 605 2660 689 2709; x_wconf 84' lang='lat' dir='ltr'>damna</span> <span class='ocrx_word' id='word_1_204' title='bbox 704 2661 780 2710; x_wconf 88' lang='lat' dir='ltr'>refer.</span> 
     </span>
    </p>

    <p class='ocr_par' dir='ltr' id='par_1_18' title="bbox 187 2730 958 2874">
     <span class='ocr_line' id='line_1_32' title="bbox 187 2730 958 2801; baseline -0.004 -17"><span class='ocrx_word' id='word_1_205' title='bbox 187 2732 313 2799; x_wconf 74' lang='lat' dir='ltr'>Maximus¹</span> <span class='ocrx_word' id='word_1_206' title='bbox 319 2732 361 2783; x_wconf 87' lang='lat' dir='ltr'>ille</span> <span class='ocrx_word' id='word_1_207' title='bbox 371 2734 465 2801; x_wconf 86' lang='lat' dir='ltr'>quidem</span> <span class='ocrx_word' id='word_1_208' title='bbox 475 2734 589 2799; x_wconf 87' lang='lat' dir='ltr'>juvenum</span> <span class='ocrx_word' id='word_1_209' title='bbox 601 2765 608 2791; x_wconf 88' lang='lat'>‚</span> <span class='ocrx_word' id='word_1_210' title='bbox 627 2732 678 2798; x_wconf 88' lang='lat' dir='ltr'>spes</span> <span class='ocrx_word' id='word_1_211' title='bbox 690 2733 805 2799; x_wconf 81' lang='lat' dir='ltr'>publica,</span> <span class='ocrx_word' id='word_1_212' title='bbox 816 2731 876 2783; x_wconf 84' lang='lat' dir='ltr'>vixit</span> <span class='ocrx_word' id='word_1_213' title='bbox 887 2748 895 2783; x_wconf 77' lang='lat' dir='ltr'>t</span> <span class='ocrx_word' id='word_1_214' title='bbox 908 2730 941 2797; x_wconf 79' lang='lat'>36</span> <span class='ocrx_word' id='word_1_215' title='bbox 946 2748 958 2795; x_wconf 83' lang='lat'>5</span> 
     </span>
     <span class='ocr_line' id='line_1_33' title="bbox 228 2804 816 2874; baseline -0.002 -18"><span class='ocrx_word' id='word_1_216' title='bbox 228 2807 259 2856; x_wconf 87' lang='lat' dir='ltr'>Et</span> <span class='ocrx_word' id='word_1_217' title='bbox 269 2805 342 2872; x_wconf 53' lang='lat' dir='ltr'>,1qud</span> <span class='ocrx_word' id='word_1_218' title='bbox 355 2819 424 2857; x_wconf 81' lang='lat' dir='ltr'>natus</span> <span class='ocrx_word' id='word_1_219' title='bbox 439 2819 509 2865; x_wconf 82' lang='lat' dir='ltr'>erat,</span> <span class='ocrx_word' id='word_1_220' title='bbox 526 2806 603 2874; x_wconf 88' lang='lat' dir='ltr'>gloria</span> <span class='ocrx_word' id='word_1_221' title='bbox 618 2805 705 2854; x_wconf 84' lang='lat' dir='ltr'>summa</span> <span class='ocrx_word' id='word_1_222' title='bbox 722 2804 816 2855; x_wconf 74' lang='lat' dir='ltr'>domds.</span> 
     </span>
    </p>

    <p class='ocr_par' dir='ltr' id='par_1_19' title="bbox 189 2876 751 3020">
     <span class='ocr_line' id='line_1_34' title="bbox 189 2876 751 2938; baseline -0.011 -6"><span class='ocrx_word' id='word_1_223' title='bbox 189 2880 239 2932; x_wconf 79' lang='lat' dir='ltr'>Sed</span> <span class='ocrx_word' id='word_1_224' title='bbox 255 2878 362 2930; x_wconf 81' lang='lat' dir='ltr'>mortalis</span> <span class='ocrx_word' id='word_1_225' title='bbox 379 2891 453 2931; x_wconf 82' lang='lat' dir='ltr'>erat:</span> <span class='ocrx_word' id='word_1_226' title='bbox 470 2897 516 2929; x_wconf 90' lang='lat' dir='ltr'>nec</span> <span class='ocrx_word' id='word_1_227' title='bbox 530 2894 557 2930; x_wconf 88' lang='lat' dir='ltr'>tu</span> <span class='ocrx_word' id='word_1_228' title='bbox 572 2879 654 2928; x_wconf 85' lang='lat' dir='ltr'>secura</span> <span class='ocrx_word' id='word_1_229' title='bbox 670 2876 751 2938; x_wconf 83' lang='lat' dir='ltr'>suisti,</span> 
     </span>
     <span class='ocr_line' id='line_1_35' title="bbox 227 2950 708 3020; baseline -0.008 -17"><span class='ocrx_word' id='word_1_230' title='bbox 227 2953 308 3003; x_wconf 82' lang='lat' dir='ltr'>Fortia</span> <span class='ocrx_word' id='word_1_231' title='bbox 325 2952 443 3020; x_wconf 79' lang='lat' dir='ltr'>progenie</span> <span class='ocrx_word' id='word_1_232' title='bbox 460 2954 521 3003; x_wconf 85' lang='lat' dir='ltr'>bella</span> <span class='ocrx_word' id='word_1_233' title='bbox 540 2967 641 3019; x_wconf 83' lang='lat' dir='ltr'>gerente</span> <span class='ocrx_word' id='word_1_234' title='bbox 657 2950 708 3000; x_wconf 67' lang='lat' dir='ltr'>tud.</span> 
     </span>
    </p>

    <p class='ocr_par' dir='ltr' id='par_1_20' title="bbox 190 3023 961 3167">
     <span class='ocr_line' id='line_1_36' title="bbox 190 3023 872 3079; baseline -0.004 0"><span class='ocrx_word' id='word_1_235' title='bbox 190 3025 250 3079; x_wconf 78' lang='lat' dir='ltr'>Vita</span> <span class='ocrx_word' id='word_1_236' title='bbox 263 3026 318 3077; x_wconf 82' lang='lat' dir='ltr'>data</span> <span class='ocrx_word' id='word_1_237' title='bbox 334 3025 368 3076; x_wconf 86' lang='lat' dir='ltr'>est</span> <span class='ocrx_word' id='word_1_238' title='bbox 381 3026 470 3075; x_wconf 81' lang='lat' dir='ltr'>utenda</span> <span class='ocrx_word' id='word_1_239' title='bbox 486 3042 495 3075; x_wconf 89' lang='lat'>.·</span> <span class='ocrx_word' id='word_1_240' title='bbox 513 3026 567 3075; x_wconf 80' lang='lat' dir='ltr'>data</span> <span class='ocrx_word' id='word_1_241' title='bbox 583 3025 617 3074; x_wconf 82' lang='lat' dir='ltr'>est</span> <span class='ocrx_word' id='word_1_242' title='bbox 631 3024 683 3073; x_wconf 81' lang='lat' dir='ltr'>sine</span> <span class='ocrx_word' id='word_1_243' title='bbox 700 3023 786 3076; x_wconf 79' lang='lat' dir='ltr'>fenore</span> <span class='ocrx_word' id='word_1_244' title='bbox 801 3023 872 3076; x_wconf 84' lang='lat' dir='ltr'>nobis</span> 
     </span>
     <span class='ocr_line' id='line_1_37' title="bbox 227 3096 961 3167; baseline 0.012 -20"><span class='ocrx_word' id='word_1_245' title='bbox 227 3096 335 3158; x_wconf 82' lang='lat' dir='ltr'>Mutua,</span> <span class='ocrx_word' id='word_1_246' title='bbox 352 3116 399 3149; x_wconf 89' lang='lat' dir='ltr'>nec</span> <span class='ocrx_word' id='word_1_247' title='bbox 414 3100 481 3152; x_wconf 73' lang='lat' dir='ltr'>certi</span> <span class='ocrx_word' id='word_1_248' title='bbox 496 3097 655 3167; x_wconf 68' lang='lat' dir='ltr'>persoluenda</span> <span class='ocrx_word' id='word_1_249' title='bbox 670 3096 719 3153; x_wconf 82' lang='lat' dir='ltr'>die.</span> <span class='ocrx_word' id='word_1_250' title='bbox 909 3110 961 3160; x_wconf 79' lang='lat'>370</span> 
     </span>
    </p>
   </div>
   <div class='ocr_carea' id='block_1_3' title="bbox 258 3189 854 3249">
    <p class='ocr_par' dir='ltr' id='par_1_21' title="bbox 258 3189 854 3249">
     <span class='ocr_line' id='line_1_38' title="bbox 258 3189 854 3249; baseline 0 -7"><span class='ocrx_word' id='word_1_251' title='bbox 258 3189 341 3243; x_wconf 70' lang='lat' dir='ltr'>roms</span> <span class='ocrx_word' id='word_1_252' title='bbox 358 3191 383 3249; x_wconf 85' lang='grc' dir='ltr'>Ι.</span> <span class='ocrx_word' id='word_1_253' title='bbox 828 3190 854 3242; x_wconf 93' lang='lat'>0</span> 
     </span>
    </p>
   </div>
   <div class='ocr_carea' id='block_1_4' title="bbox 0 0 1200 3892">
    <p class='ocr_par' dir='ltr' id='par_1_22' title="bbox 0 0 1200 3892">
     <span class='ocr_line' id='line_1_39' title="bbox 0 0 1200 3892; baseline 0 1"><span class='ocrx_word' id='word_1_254' title='bbox 0 0 1200 3892; x_wconf 95' lang='lat' dir='ltr'> </span> 
     </span>
    </p>
   </div>
  </div>
 </body>
</html>
