2392 3892
315 431 390 520 246
438 430 649 500 Orrnrr
674 433 929 503 Nasours

317 549 384 615 Quid
395 549 425 599 de
435 548 501 599 vesle
512 546 618 614 loquar?
628 566 673 599 nec
684 568 744 609 vos,
757 551 877 619 segmenta
883 565 895 611 ³,
907 556 1011 621 requiros

253 630 305 687 ‘170
350 623 405 673 Nec
423 640 475 690 quae
488 623 524 672 bis
537 622 617 690 Tyrio
631 624 740 681 murice,
757 626 831 684 lana,
853 628 934 676 rubes.
1018 677 1019 691 ἶ

316 692 433 747 cuntot
449 696 585 763 prodierint
601 696 681 762 pretio
698 697 790 747 leviore
806 699 926 757 colorem

354 768 417 837 Quis
435 769 502 819 suros
517 767 569 827 est,
586 768 671 821 census
689 786 792 837 corpore
809 772 875 821 serre
892 770 956 822 suo?
1060 781 1061 806 ³

210 866 211 870 ¹
317 842 388 895 Adsis
399 860 464 893 ¹esce
478 843 566 902 color,
582 852 633 893 turn
648 840 703 893 crim
718 844 771 894 sine
785 845 887 895 nubibus
902 847 961 904 a'e'r,

354 917 377 965 N
380 933 408 966 ec
424 916 520 982 tepidus
533 916 626 983 pluvias
640 916 748 966 concitat
762 916 849 968 Auster
865 934 948 984 aquas.
1055 937 1057 943 ·

259 1002 307 1053 175
321 989 386 1041 Ecce
401 989 446 1040 tibi
460 990 562 1047 simssis,
581 989 622 1055 qui
637 990 756 1056 quondam
768 990 883 1059 Phryxou
901 990 1017 1044 &Hellen
1060 992 1061 998 ’

314 1127 316 1132 Ι
354 1062 451 1113 Diceris
467 1061 536 1113 ludis
552 1062 662 1128 eripuisse
678 1063 751 1113 dolis.

221 1137 229 1150 '
317 1136 365 1186 Hic
376 1136 451 1186 undas
462 1135 586 1191 imitatus,
600 1136 674 1185 habet
686 1152 783 1203 quoque
794 1152 885 1187 nomen
894 1138 924 1186 ab
937 1136 1017 1188 undis:

355 1208 506 1257 Crediderim
521 1208 647 1276 Nymphas
663 1209 708 1259 hac
726 1226 774 1277 ego
790 1209 855 1259 veste
870 1211 933 1278 tegi.

316 1280 363 1331 llle
380 1297 479 1331 crocum
493 1281 589 1331 simulat
605 1296 613 1332 2
630 1284 831 1333 croceo'velatur
845 1284 935 1335 amiud

256 1350 309 1404 180
353 1352 459 1404 Roscida
469 1354 585 1405 luciferos
600 1352 657 1405 edus
669 1355 724 1405 Dea
738 1353 817 1422 jungit
831 1372 920 1421 equos.
1060 1388 1061 1391 =

318 1425 367 1477 Hic
381 1427 481 1495 Paphius
496 1438 593 1495 myrtos
607 1444 615 1479 ε
627 1428 673 1480 bic
682 1436 821 1495 'purpureas
835 1427 999 1498 amethystos,

354 1500 509 1553 Albentesve
522 1500 608 1560 rosas,
625 1499 798 1551 Threiciamve
815 1518 910 1568 gruem.

317 1574 372 1624 Nec
382 1574 498 1641 glandes,
507 1574 643 1642 Amarylli,
654 1585 702 1624 tuae
712 1606 720 1632 ,
730 1590 777 1623 nec
787 1575 915 1641 amygdala
925 1576 1019 1626 desunt:

356 1646 387 1696 Et
403 1647 443 1697 sna
457 1647 588 1699 velleribus
607 1647 703 1697 nomina
719 1663 774 1697 cera
788 1647 864 1698 dedita

258 1715 290 1769 18
295 1733 307 1782 5
320 1718 391 1783 Quot
402 1724 468 1770 'nova
483 1734 548 1771 terra
565 1721 628 1786 parit
640 1721 732 1779 flores,
750 1718 824 1778 clun,
838 1737 898 1771 vere
914 1720 1020 1787 tepenti,

354 1792 421 1846 Vitis
438 1793 487 1861 agit
503 1810 629 1861 gemmas,
649 1793 764 1860 pigraque
781 1792 846 1842 cedit
861 1794 958 1845 hierus:

317 1864 384 1915 Lana
399 1876 459 1923 tot,
479 1877 520 1915 aut
535 1866 617 1932 plures
634 1867 717 1916 succos
734 1865 803 1915 bibit.
820 1863 890 1933 Elige
906 1880 1002 1917 certus:

356 1936 418 1985 Nam
433 1953 482 1986 nun
497 1937 647 1987 conveniens
664 1938 772 1987 omnibus
789 1939 866 1989 ornnis
882 1940 939 1990 erit.

317 2007 386 2059 Pulla
403 2009 491 2059 decent
506 2009 588 2060 niveas
607 2025 615 2060 z
631 2010 739 2061 Briseida
755 2012 820 2077 pulla
836 2011 978 2063 decebant:

257 2092 308 2145 190
356 2080 419 2133 cum
432 2094 501 2150 rapta
517 2082 571 2143 est,
587 2082 654 2149 pulli
669 2095 720 2134 tum
735 2100 831 2150 quoque
846 2084 914 2136 vesle
929 2087 984 2136 suit.

316 2154 380 2207 Alba
397 2150 486 2208 decent
501 2156 579 2207 fuscas
595 2172 603 2207 ε
620 2155 699 2216 albis,
720 2155 836 2223 Cephei,
853 2160 987 2223 placebas,

355 2229 396 2279 sic
413 2230 457 2280 tibi
474 2229 565 2281 veslitae
581 2229 657 2295 pressa
671 2229 785 2296 Seriphos
802 2242 864 2281 erat.

319 2300 400 2367 Qudrn
414 2319 484 2368 paene
497 2303 631 2362 admonui,
648 2321 680 2354 ne
694 2316 751 2354 trux
766 2320 838 2370 caper
855 2304 902 2354 iret
916 2302 943 2355 in
957 2300 1024 2354 alas!

275 2414 276 2417 ,
354 2375 426 2425 Neve
443 2377 525 2425 sorent
542 2376 606 2426 duris
621 2376 704 2442 aspera
722 2393 791 2427 truta
806 2375 881 2442 pilis!

257 2454 306 2507 195
317 2444 366 2496 Sed
382 2464 431 2497 non
449 2448 571 2499 Caucasea
587 2448 666 2498 doceo
682 2450 713 2499 de
728 2465 787 2516 rupe
801 2451 916 2515 puellas,

353 2518 470 2585 Quaeque
482 2521 565 2569 bibant
581 2521 677 2580 undas,
696 2522 768 2590 Myse
785 2521 884 2581 Caice,
901 2535 968 2573 tuas.

316 2590 405 2655 Quid?
424 2592 445 2643 si
459 2593 614 2659 praecipiam,
632 2611 664 2645 ne
680 2595 757 2645 fuscet
772 2594 857 2644 inertia
874 2594 986 2663 dentes?

353 2665 578 2739 Oraquexsusceptd
594 2684 664 2717 mane
681 2669 792 2719 laventur
808 2665 892 2735 aquis?

317 2738 389 2790 Scitis
405 2740 431 2790 ὃς
447 2740 541 2789 indusld
558 2741 688 2792 candorem
703 2758 811 2809 quaerere
827 2740 903 2792 ceri:

255 2824 308 2866 roo
355 2813 477 2880 Sanguine
494 2831 546 2879 quae
562 2831 624 2865 vero
640 2831 690 2866 non
703 2816 792 2874 rubet,
808 2828 861 2865 arte
874 2813 957 2869 rubet.

315 2885 399 2944 Arte,
417 2886 537 2952 supercilii
554 2886 657 2937 confinia
673 2888 736 2937 nuda
752 2887 870 2953 repleris,

352 2957 476 3025 Parvaque
491 2960 597 3009 sinceras
614 2961 680 3010 velat
695 2962 759 3010 aluta
775 2974 857 3025 genas.

317 3030 372 3086 Nec
387 3034 466 3096 pudor
481 3032 515 3082 est
529 3034 616 3084 oculos
633 3033 701 3082 tenui
715 3032 808 3096 signare
824 3028 929 3087 savium

353 3102 403 3156 Vel
418 3122 496 3173 prope
513 3117 538 3157 te
553 3117 613 3157 nato
622 3137 632 3166 ,
648 3102 728 3156 lucide
745 3100 854 3172 Cydne,
868 3119 957 3158 noco.
