2392 3892
217 470 949 565 mmm

221 697 560 777 urrsuoun
613 673 949 782 secuunn.

268 892 608 957 DEMOPHOON
643 892 907 955 PHYLLIDI.

261 1024 441 1141 Paruum
452 1088 618 1154 Demophoon
628 1084 706 1153 patrii
716 1085 815 1139 dimittit
825 1089 855 1141 ab
866 1092 930 1144 urbe
941 1109 949 1144 r

295 1160 327 1210 Et
341 1163 441 1227 patriam
455 1162 563 1211 meminit
578 1161 684 1209 muneris
699 1159 747 1210 effe
761 1161 809 1213 tui.
903 1185 905 1188 ·
923 1180 930 1190 ⁴

259 1232 314 1284 Nec
331 1233 385 1284 iace
402 1234 569 1300 Demophoon
582 1232 647 1293 alid,
663 1248 710 1283 nec
726 1232 833 1303 conjuge
850 1250 948 1304 captur

297 1305 346 1355 Sed
361 1318 411 1356 tam
426 1324 476 1358 non
491 1307 567 1365 felix,
585 1309 656 1371 quim
670 1305 715 1355 tibi
729 1319 803 1356 notus
820 1322 884 1361 etat.

235 1392 248 1442 ς
260 1376 370 1436 Thesea,
380 1375 392 1443 (
398 1396 446 1446 quo
458 1380 543 1431 socero
554 1378 830 1447 nequicquam‚Phylli,
840 1385 949 1435 tumebas

297 1451 470 1519 lmpuletitque
487 1450 554 1520 igiter
570 1451 674 1501 forsitan
687 1452 729 1501 ille
745 1464 801 1503 tuos
813 1455 845 1521 3)

259 1520 344 1589 Turpe
363 1524 518 1590 pertinebis,
538 1540 616 1591 regno
633 1523 699 1573 ferus
716 1525 810 1591 expulit
827 1526 934 1594 hospes:

295 1594 369 1645 Hunc
385 1596 421 1646 illi
437 1595 510 1647 linem
525 1596 708 1663 longasenelta
725 1595 802 1647 dedit.

260 1664 311 1731 Qui
328 1667 401 1720 modd
418 1670 543 1736 peltiferas
559 1668 622 1719 ludit
635 1668 766 1719 Maeotidas
782 1668 873 1729 armis,

219 1752 251 1788 ro
298 1738 391 1791 Alcidae
407 1741 506 1811 magni,
524 1758 573 1792 non
589 1740 667 1791 minor
681 1734 752 1807 ipse}
771 1758 865 1793 comes.

260 1809 311 1875 Qui
328 1814 437 1867 sooerurn
454 1813 540 1864 Minda
556 1813 625 1881 gravi
641 1813 686 1863 eibi
700 1814 762 1864 rech
777 1816 808 1863 ab
823 1813 908 1874 hoste,

295 1884 427 1934 Mirantem
442 1883 540 1935 monllti
554 1900 647 1934 cornua
663 1884 726 1936 rista
743 1885 790 1937 sui.
809 1879 815 1891 ’

258 1954 357 2025 Arguor
372 1956 479 2030 exsilii(
495 1957 549 2025 quie
565 1954 672 2009 eredat?
689 1959 702 2027 )
719 1959 788 2010 causa
805 1958 893 2013 inille:

237 2034 239 2038 ’
295 2034 350 2084 Nec
367 2033 467 2084 tacitum
483 2032 558 2088 frater
574 2048 614 2082 me
629 2031 688 2082 sinit
702 2032 749 2082 effe
764 2050 834 2083 reum
847 2051 856 2085 z

219 2122 249 2174 15
262 2107 328 2159 Dum
343 2108 481 2169 thalamos,
497 2099 594 2173 idquit,
611 2104 704 2155 diretta
720 2104 847 2173 Phyllidos
863 2124 949 2177 urges,

296 2180 329 2234 Er
342 2191 399 2237 tuus
414 2180 519 2249 externo
536 2178 609 2231 cedat
620 2178 649 2250 'in
664 2178 720 2246 igne
731 2179 805 2229 furor
817 2196 828 2238 ς

260 2258 362 2309 Finxere
380 2258 472 2309 interea
488 2252 552 2323 pede
569 2264 680 2317 tempora
694 2252 758 2316 lapsa
775 2252 879 2321 fugacia

297 2329 467 2399 Praevenitque
484 2344 538 2380 tuas
553 2324 638 2380 flebilis
655 2324 715 2378 hora
730 2341 820 2376 moras.

261 2402 372 2453 Forsitan
386 2416 427 2453 aut
443 2404 550 2454 nondum
567 2402 646 2452 fradlis
664 2414 795 2451 occurrere
810 2400 904 2459 rebus,

218 2489 251 2523 20
299 2476 348 2524 Aut
365 2488 461 2541 potetas
478 2473 556 2523 fradlis
572 2474 638 2523 utilis
653 2473 701 2523 elle
718 2486 808 2523 tamen.

261 2547 311 2596 Cur
327 2549 424 2612 potiora
439 2546 482 2597 tibi
497 2545 644 2613 Rhodopeia
661 2562 735 2614 regna
752 2542 845 2597 luere?

202 2612 206 2622 ¹
298 2619 408 2688 Quaeque
425 2620 498 2689 magis
515 2619 596 2687 regnis
615 2636 669 2668 cara
686 2620 768 2685 puella
786 2615 856 2668 fuit?

260 2692 358 2743 intonat
373 2693 409 2743 hie
424 2693 526 2743 Acamas
543 2708 552 2742 ι
568 2691 653 2741 eadem
669 2708 725 2740 mox
741 2690 826 2756 objicit
843 2688 949 2749 AEthra;

298 2765 384 2816 Infelix
400 2766 486 2816 fundite
504 2764 551 2830 jam
567 2780 645 2831 prope
662 2762 733 2814 sortis
749 2782 819 2815 anus.

217 2850 249 2897 25
261 2835 293 2887 Et
310 2839 375 2903 quod
390 2855 439 2888 non
455 2837 561 2888 condant
576 2837 626 2886 nati
641 2836 681 2886 sua
696 2836 785 2888 lumina
802 2837 909 2902 palmae,

297 2909 386 2961 fecisse
401 2911 455 2961 haec
472 2910 562 2960 nostras
578 2909 657 2977 arguit
673 2925 749 2974 usque
766 2925 856 2959 moras.

261 2980 317 3029 Non
336 2983 446 3049 equidem
464 2982 583 3034 inficior:
601 2979 700 3031 multirm
717 2982 828 3030 clamavit
847 2994 949 3050 uterque

297 3054 377 3105 Staret
395 3055 520 3106 Threiciis
538 3052 592 3105 cirm
610 3053 667 3103 mihi
682 3051 768 3119 puppis
785 3054 864 3119 aquis.
