2392 3892
318 501 598 571 Hnnornrs.
626 502 705 572 ΕΡ.
729 504 777 571 X.
853 526 903 600 43

191 621 262 673 Luna
271 620 318 671 suit
328 639 335 673 ι
346 621 442 688 spello,
454 620 474 670 si
485 621 558 687 quid,
570 620 615 670 nisi
625 621 711 679 litora,
723 638 828 672 cernam.

231 694 308 758 Quod
321 696 418 745 videant
429 695 493 743 oculi
505 727 512 752 ,
525 694 559 743 nil
570 693 616 743 nisi
625 695 682 743 litus
691 694 789 745 habent.

194 768 268 821 Nunc
275 770 339 829 huc,
349 786 412 818 nunc
421 770 488 827 illuc,
500 768 525 817 &
535 780 651 835 utroque,
661 768 714 818 sine
721 768 904 826 ordine‚currot

231 841 289 891 Alta
301 844 421 909 puellares
432 843 511 906 tardat
519 859 591 891 arena
602 843 688 908 pedes.
919 866 954 901 22

192 914 293 965 Interea
300 927 357 964 toto
366 916 478 964 clamanti
486 915 572 980 litore,
583 916 680 965 Theseu
690 948 699 974 ,

231 988 378 1037 Reddebant
388 1004 477 1036 nomen
488 1003 592 1037 concava
603 990 657 1039 saxa
667 1002 745 1040 tuum.

193 1060 227 1111 Et
243 1060 343 1125 quoties
352 1076 399 1126 ego
407 1073 447 1117 te,
460 1060 533 1110 toties
543 1062 610 1112 locus
622 1062 670 1128 ipse
683 1064 802 1114 vocabat:

232 1132 288 1197 lpse
299 1134 367 1181 locus
375 1133 463 1182 miserae
472 1134 536 1184 serre
546 1136 644 1185 volebat
653 1152 735 1200 opem.

192 1204 275 1254 Mons
287 1204 330 1254 suit
341 1222 349 1262 ;
360 1218 473 1271 apparent
485 1207 583 1257 frutices
594 1209 618 1256 in
628 1210 722 1258 vertice
732 1208 788 1260 rari.
805 1228 811 1238 ·
918 1229 950 1282 25

233 1277 297 1326 Hinc
308 1278 417 1344 scopulus
426 1281 503 1329 raucis
514 1281 605 1344 pendet
616 1282 700 1330 adesus
710 1282 786 1348 aquis.

193 1350 327 1410 Ascendo,
339 1353 403 1401 vires
414 1353 506 1399 animus
521 1353 592 1399 dabat
603 1368 612 1408 3
625 1364 698 1415 atque
708 1354 798 1404 italate

228 1423 343 1490 AEquora
353 1423 480 1489 prospedlu
490 1423 578 1472 metior
586 1424 636 1470 alta
644 1440 710 1473 meo.

193 1496 253 1549 Inde
264 1512 314 1564 ego
326 1494 398 1560 (nam
409 1496 488 1545 ventis
497 1511 594 1562 quoque
605 1494 654 1544 sum
665 1496 800 1546 crudelibus
809 1497 870 1565 usa)

229 1570 290 1620 Vidi
301 1570 418 1636 praecipiti
426 1570 521 1618 carbasa
530 1581 598 1618 tenta
609 1581 679 1619 noto.
922 1584 956 1636 30

194 1641 244 1693 Aut
256 1643 306 1691 vidi
318 1659 324 1692 :
335 1644 459 1692 autetiam
470 1676 477 1701 ‚
489 1643 543 1707 quia
554 1659 593 1691 me
607 1640 690 1691 vidisse
700 1641 800 1708 putavi,

231 1716 351 1782 frigidior
361 1716 438 1782 glacie
452 1716 642 1781 semianimisque
655 1715 698 1764 fui.
757 1753 760 1758 .

195 1788 250 1838 Nec
260 1790 376 1855 languere
388 1789 429 1838 diu
440 1790 529 1853 patitur
540 1789 628 1838 dolor:
644 1789 738 1839 excitor
748 1788 790 1839 illo
800 1822 809 1849 ‚

231 1861 336 1911 Excitor
346 1878 355 1919 3
366 1861 392 1911 &
403 1861 491 1911 summl
499 1862 594 1912 Thesea
604 1879 668 1911 voce
678 1879 752 1912 voco.
804 1880 806 1888 ·

198 1931 254 1998 Qud
264 1934 347 2001 fugis?
358 1936 484 1985 exclamo:
498 1935 631 1995 scelerate,
641 1949 781 1995 revertere,
792 1936 903 1987 Theseu:
918 1952 950 2005 35

231 2007 314 2057 Plesle
325 2020 401 2057 ratem
412 2025 418 2058 :
430 2026 553 2059 numerum
564 2011 696 2060 nonhabet
707 2011 746 2060 illa
757 2010 833 2061 sirum.

197 2077 255 2130 llaec
266 2097 314 2147 ego
326 2098 335 2138 3
348 2081 413 2147 quod
422 2083 479 2132 voci
489 2083 587 2142 deerat,
599 2085 716 2151 plangore
727 2085 860 2150 replebam.

230 2154 343 2204 Verbera
356 2171 409 2203 cum
417 2157 497 2205 verbis
506 2157 579 2216 mixta
587 2156 656 2205 suere
666 2158 736 2205 mois.

198 2225 220 2277 si
229 2245 279 2278 non
290 2226 385 2277 audires
397 2261 404 2286 ‚
416 2241 443 2276 ut
458 2228 539 2277 saltem
549 2244 651 2276 cernere
662 2228 757 2292 posses,

229 2302 328 2353 Jattatae
338 2299 387 2350 late
398 2301 465 2366 signa
476 2300 566 2349 dedere
576 2316 673 2349 manus.
920 2319 956 2368 40

198 2372 352 2441 Candidaque
363 2374 465 2438 imposui
477 2374 556 2441 longae
568 2373 687 2422 velamina
694 2372 769 2441 virgae
776 2405 786 2434 ,

231 2448 332 2498 Scilicet
344 2448 433 2496 oblitos
444 2447 594 2497 admonitura
606 2447 663 2496 mei.

143 2573 145 2578 ,
198 2518 298 2586 Jamque
309 2521 386 2570 oculis
393 2533 491 2586 ereptus
501 2537 554 2571 eras
564 2536 571 2571 t
584 2532 636 2570 tum
646 2519 750 2588 denique
760 2518 833 2573 flevi:

143 2601 145 2606 '
231 2595 389 2658 Torpuerant
400 2596 484 2645 molles
494 2607 550 2644 ante
561 2595 647 2645 dolore
656 2612 734 2663 genae.

198 2664 262 2731 Quid
274 2667 355 2733 potius
368 2667 493 2727 facerent,
505 2672 574 2735 quam
585 2685 624 2718 me
633 2685 686 2719 mea
697 2669 786 2718 lumina
795 2668 900 2724 flerent,
922 2682 966 2735 45¹

233 2739 362 2804 Postquam
371 2740 490 2790 desierant
499 2744 555 2791 vela
564 2741 649 2791 videre
659 2754 700 2791 tua
711 2738 723 2789 ἓ

201 2810 250 2862 Aut
262 2828 312 2880 ego
325 2810 413 2862 diffusis
426 2815 503 2863 erravi
512 2815 561 2864 sola
572 2815 682 2878 capillis,

232 2885 319 2948 Qualis
330 2886 360 2933 ab
370 2885 469 2953 Ogygio
480 2888 575 2935 concita
585 2867 680 2935 daccha
691 2884 750 2933 Deo
761 2898 769 2933 τ

199 2956 248 3008 Aut
258 2974 323 3007 mare
334 2959 482 3023 prospiciens
490 2957 516 3006 in
527 2958 582 3007 saxo
592 2957 676 3023 frigida
687 2956 754 3015 sedi3

143 3023 146 3082 l
234 3030 363 3097 Quamque
373 3031 433 3097 lapis
443 3031 589 3088 sedes‚tam
600 3031 659 3095 lapis
671 3029 718 3093 ipsa
728 3027 779 3086 sui„
924 3042 957 3090 50

201 3100 267 3168 Saepe
278 3117 357 3153 torum
367 3116 468 3168 repeto,
482 3103 522 3169 qui
533 3120 578 3153 nos
586 3114 716 3166 acceperat
725 3104 806 3154 ambos
816 3120 825 3163 ;

236 3176 284 3226 Sed
294 3193 345 3228 non
355 3188 470 3243 acceptos
482 3177 630 3232 exhibiturus
646 3186 711 3230 erat·
