2392 3892
277 478 351 551 ¹04
383 460 423 528 P.
453 459 639 531 Ovrnrr
663 459 886 533 Nasonrr

272 580 390 631 Invidiam
405 580 481 646 patiar
497 594 506 629 t
523 578 587 645 passo
605 578 645 627 sua
661 579 757 644 praemia
774 579 871 631 dentur.

309 651 360 702 Cur
376 652 432 704 suus
448 664 543 702 atanto
560 651 658 701 crimine
674 650 764 701 fruetus
780 651 869 702 abest?

273 723 400 777 Hesionen
414 726 552 783 Telamon,
570 724 678 775 Briseida
693 724 759 790 cepit
773 722 905 781 Achilles:

228 808 263 856 70
309 799 420 865 Utraque
436 799 554 849 vistorem
568 798 630 847 vista
648 798 728 847 secuta
742 797 818 848 suum.

272 868 414 934 Quamlibet
428 872 544 929 accuses,
561 872 587 922 δι
604 873 636 921 sis
650 871 728 929 irata,
744 870 851 931 licebit3

310 944 374 996 irati
390 947 462 998 liceat
480 946 536 995 dum
551 944 609 994 mihi
626 943 691 1011 posse
707 944 763 993 frui.

273 1016 340 1068 Idem
356 1020 398 1086 qui
411 1019 530 1077 facimus,
548 1017 634 1067 sasiam
650 1017 801 1068 tenuabimus
817 1016 896 1072 iram:

311 1091 390 1157 Copia
404 1091 527 1156 placandae
541 1091 574 1139 sit
589 1086 663 1140 mods>
676 1106 750 1154 parva
765 1091 811 1141 tui.

230 1174 247 1225 7
252 1172 264 1220 5
276 1163 340 1212 Ante
354 1176 410 1213 tuos
425 1164 524 1212 flentem
538 1162 612 1225 liceat
627 1161 757 1212 consistere
771 1165 875 1216 vuitus:

310 1235 341 1284 Et
357 1236 431 1286 liceat
444 1234 557 1303 lacrymis
574 1235 664 1285 addere
679 1237 754 1284 verba
769 1236 838 1288 suist

272 1308 357 1373 thue
368 1309 447 1360 solent
457 1308 539 1359 famuli
550 1341 558 1368 ,
580 1305 635 1359 crim
645 1310 747 1358 verbera
757 1310 820 1359 saeva
828 1322 943 1361 verentur
953 1344 962 1371 ,

308 1381 424 1433 Tendere
441 1381 560 1433 submissas
576 1383 607 1432 ad
621 1394 664 1431 tua
680 1398 750 1432 crura
766 1399 859 1433 manus.

273 1454 373 1521 Ignoras
389 1468 430 1508 tua
447 1454 501 1522 jura
517 1472 525 1506 ε
542 1472 606 1506 voca
623 1470 632 1506 ι
650 1471 693 1504 cur
706 1472 795 1521 arguor
811 1456 920 1508 absens?

230 1525 263 1575 80
309 1526 453 1581 Jamdudurn
469 1529 572 1579 dominae
586 1543 654 1578 more
668 1528 752 1578 venire
766 1526 836 1591 jube.

274 1601 327 1665 ipsa
345 1620 412 1653 meos
430 1603 521 1652 scindas
536 1602 594 1653 licet
610 1600 735 1666 imperiosa
750 1600 877 1665 capillos,
935 1616 937 1620 ·

310 1674 410 1741 Oraque
424 1675 472 1726 sint
489 1674 568 1742 digitis
584 1674 733 1723 lividasasia
749 1672 817 1723 tuis:

275 1745 362 1796 Omnia
377 1748 498 1814 perpetiar
514 1764 521 1799 τ
538 1745 630 1798 tantum
645 1746 740 1796 sortasse
754 1746 868 1806 timebo,

310 1818 421 1886 Corpore
438 1821 538 1872 laedatur
553 1837 585 1870 ne
603 1836 685 1869 manus
698 1820 739 1868 isia
753 1835 819 1870 meo.

232 1890 262 1951 85
275 1890 324 1940 Sed
338 1909 419 1958 neque
430 1893 604 1960 compedibus,
618 1909 664 1941 nec
677 1907 718 1941 me
728 1893 854 1959 compesce
870 1894 981 1946 catenias

310 1964 430 2016 Servabor
443 1964 512 2015 firmo
528 1964 623 2015 vincius
639 1977 721 2015 amore
737 1966 781 2016 tui.

274 2034 336 2087 Cim
352 2039 416 2089 bene
433 2037 475 2097 se,
492 2051 654 2105 quantumque
666 2040 757 2099 volet,
775 2038 896 2092 satiaverit
910 2040 966 2100 ἰῆς

311 2110 364 2176 lpsa
377 2113 421 2164 tibi
440 2112 526 2172 dices,
545 2110 626 2176 Quium
641 2112 761 2178 patienter
776 2114 860 2165 amat!
889 2107 892 2112 ’

275 2183 327 2249 Ipsa
342 2186 387 2238 tibi
405 2184 491 2246 dices,
509 2187 550 2239 ubi
565 2187 655 2237 videris
670 2188 750 2237 omnia
766 2187 850 2245 ferret
982 2178 986 2188 ¹

231 2268 266 2319 90
312 2258 373 2308 Tam
390 2262 452 2311 bene
469 2261 509 2328 qui
527 2260 618 2319 servit,
635 2260 723 2310 serviat
736 2259 778 2309 iste
792 2260 859 2311 mibi.

275 2330 347 2381 Nunc
363 2350 419 2385 reus
435 2334 520 2384 infelix
535 2334 618 2383 absens
635 2350 718 2400 agor:
735 2333 761 2383 δι
775 2349 828 2383 mea
844 2329 899 2381 crim
913 2332 947 2384 sit

313 2403 430 2470 Optima,
448 2423 497 2455 non
514 2406 564 2457 ullo
579 2407 649 2455 causa
664 2418 749 2457 tuente
764 2406 836 2472 perit.

275 2474 331 2524 Hoc
340 2479 513 2545 quoque‚quod
521 2479 559 2545 jus
569 2478 644 2536 est,sit
653 2479 766 2544 scripturn
773 2478 858 2546 injuria
867 2479 982 2532 nostmm:

313 2547 389 2612 Quod
407 2551 438 2600 de
457 2568 495 2601 me
514 2551 565 2602 solo
585 2569 673 2618 nempe
689 2552 814 2620 queraris,
834 2553 920 2605 habes,

229 2633 246 2685 9
252 2636 263 2680 5
278 2621 336 2671 Non
346 2624 433 2673 meruit
443 2622 493 2674 falli
502 2641 597 2676 mecum
607 2643 705 2693 quoque
715 2627 787 2678 Delia
800 2643 807 2677 ε
821 2625 841 2675 si
852 2641 902 2675 non
922 2661 925 2665 -

311 2696 357 2748 Vis
374 2697 430 2747 mihi
444 2698 577 2764 promissum
592 2700 715 2755 reddere,
731 2700 806 2750 redde
823 2699 896 2749 Deae.

275 2767 379 2829 Adfuit,
400 2772 426 2823 ὅ(
440 2772 500 2823 vidit
512 2771 589 2831 ,crim
606 2784 634 2823 tu
651 2774 754 2840 decepta
764 2772 891 2822 rubebasa
927 2789 932 2800 ·

311 2842 344 2892 Et
359 2861 445 2895 vocem
461 2847 561 2898 memori
578 2846 688 2898 condidit
704 2861 762 2897 aure
779 2857 854 2894 tuam·

276 2912 365 2966 Omina
382 2935 409 2969 re
425 2934 524 2974 careant
541 2938 548 2973 ε
566 2921 628 2971 nihil
643 2919 677 2971 est
692 2914 821 2968 violentius
836 2912 897 2972 illa,

217 2998 266 3033 roo
314 2986 375 3039 cum
392 2990 450 3051 sua,
470 2994 535 3060 quod
550 2994 646 3050 nolim,
663 2992 760 3041 numina
775 2987 827 3037 laesa
842 2987 919 3039 videt.

275 3060 353 3112 Testis
369 3063 416 3114 erit
433 3066 564 3133 Calydonis
579 3081 638 3130 aper
650 3079 657 3113 a
668 3079 722 3111 nam
738 3061 840 3116 scimus,
858 3074 886 3109 ut
902 3062 945 3113 illo

310 3134 347 3185 Sit
361 3138 435 3205 magis
450 3138 474 3188 in
489 3150 573 3192 natum
586 3136 649 3188 sava
665 3146 761 3202 reperta
776 3150 874 3202 parcus.
