2392 3892
317 346 393 401 202
444 327 652 400 OVIDH
678 325 932 397 Nasours

316 448 370 497 Hos
388 445 466 496 aditus
482 446 617 512 Circusque
634 464 699 497 novo
715 448 833 512 praebebit
847 449 944 508 amori,

354 519 485 586 Sparsaque
500 520 595 569 solicito
612 520 683 569 tristis
699 537 770 570 arena
789 522 854 572 foro,

258 592 305 657 165
318 594 361 643 ult
379 594 440 658 saepe
457 610 517 658 puer
533 593 640 644 Veneris
653 594 767 660 pugnavit
781 595 876 651 arenal3

355 668 387 717 Et
405 667 446 733 qui
462 665 575 731 spesiavit
589 668 709 725 vulnera,
727 667 813 716 vulnus
828 668 913 717 habet.

317 740 384 790 Dum
397 740 648 806 loquitur,tangitque
659 757 754 788 manum
762 772 769 797 ,
778 739 900 806 poscitque
912 740 1033 802 libellum;

296 837 298 842 ·
356 813 389 862 Et
404 812 506 879 quaerit,
524 814 606 878 posito
622 813 742 878 pignore,
760 814 842 861 vincat
858 825 934 870 uter;

320 886 569 952 Sauciusingemuit,
588 887 712 951 telumque
730 886 830 935 volatile
847 885 939 936 sensit:

261 974 310 1024 170
357 960 389 1009 Et
401 975 456 1024 pars
471 957 567 1023 speslati
582 958 686 1007 muneris
700 956 750 1021 ipse
767 958 822 1008 suit.

322 1030 410 1096 Quid?
428 1029 501 1080 mods>
516 1028 569 1081 crim
582 1031 640 1079 belli
654 1032 743 1079 navalis
758 1029 861 1097 imagine
877 1030 960 1082 Caesar

357 1102 465 1154 Persidas
481 1103 574 1152 induxit
592 1102 790 1169 Cecropidasque
807 1102 897 1153 rates?

309 1178 415 1243 ¹Nempe
426 1178 455 1226 ab
466 1188 570 1242 utroque
580 1178 640 1225 mari
648 1176 751 1242 juvenes
762 1208 771 1234 ,
788 1177 817 1224 ab
827 1188 935 1243 utroque
945 1180 1029 1245 puelle

356 1250 457 1305 Vensre
473 1265 480 1300 :
496 1261 569 1316 atque
582 1236 667 1317 ingens
684 1250 749 1299 orbis
766 1250 790 1298 in
805 1250 874 1299 Urbe
887 1251 943 1301 suit.

263 1340 309 1390 175
322 1323 384 1389 Quis
399 1340 448 1373 non
462 1323 572 1383 invenit,
589 1323 661 1374 turbs
676 1323 741 1389 quod
756 1336 846 1372 amaret
863 1323 888 1371 in
905 1323 970 1374 illa?

358 1398 428 1447 Eheu
446 1396 452 1445 !
470 1400 540 1463 quam
557 1399 646 1446 multos
661 1398 755 1445 advena
770 1396 842 1445 torsit
859 1397 957 1446 Amor!

321 1472 388 1521 Ecce
404 1482 473 1537 parat
488 1469 568 1520 Caesar
584 1469 694 1528 domito,
716 1469 781 1535 quod
801 1468 897 1528 defuit,
917 1470 970 1520 orbi
1005 1512 1007 1515 ,

358 1544 457 1593 Addere
475 1558 481 1592 :
499 1560 580 1601 nunc,
601 1543 691 1593 Oriens
707 1542 810 1600 ultime,
830 1542 910 1593 nollet
928 1541 986 1594 e'ris.

322 1616 431 1676 Partho,
451 1616 515 1665 dabis
530 1632 613 1681 poenas
630 1633 638 1667 t
655 1615 737 1665 Crassi
751 1616 855 1683 gaudete
873 1616 978 1681 sepulti,

263 1689 313 1740 180
360 1690 480 1756 Signaque
497 1690 632 1739 barbaricas
647 1706 696 1737 non
712 1691 774 1738 bene
789 1688 851 1753 palla
866 1706 961 1739 manus.

175 1785 177 1792 ¹
242 1777 245 1782 '
323 1763 397 1813 Ultor
412 1760 476 1810 adest
485 1778 494 1819 5
511 1761 640 1827 primisque
657 1762 743 1810 ducem
757 1759 886 1826 profitetur
904 1762 1029 1812 inarmis:

357 1834 472 1898 Bellaque
489 1850 538 1882 non
553 1850 630 1899 puero
647 1834 733 1883 trastat
749 1833 842 1902 agenda
856 1851 928 1898 puer.

322 1906 417 1960 Parcite
433 1906 543 1965 natales,
560 1906 657 1965 timidi,
676 1923 803 1955 numerare
818 1907 953 1959 Deorum:

360 1979 493 2032 Caesaribus
508 1981 584 2030 virtus
601 1980 704 2046 contigit
719 1994 775 2029 ante
791 1979 864 2029 diem.

265 2052 312 2116 185
324 2051 449 2122 Ingenium
466 2053 562 2103 coelesle
577 2053 623 2104 suis
639 2055 748 2103 velocius
765 2053 832 2102 annis

361 2128 462 2195 Surgit3
480 2126 506 2176 &
523 2127 616 2194 ignavae
631 2127 679 2176 sert
697 2128 758 2176 male
777 2127 861 2174 damna
876 2142 961 2177 morae.

322 2199 413 2251 Parvus
431 2211 501 2258 etat,
519 2201 674 2264 manibusque
691 2200 751 2248 duos
766 2198 907 2263 Tirynthius
923 2217 1016 2267 angues

360 2272 451 2323 Pressit
468 2288 475 2321 ε
494 2273 559 2321 &in
576 2274 643 2321 cunis
659 2270 706 2335 jam
721 2270 783 2321 Jove
798 2271 883 2335 dignus
897 2285 960 2321 erat.

324 2347 396 2396 Nunc
405 2360 501 2410 quoque
511 2345 550 2408 qui
559 2361 620 2407 puer
628 2359 664 2400 es,
671 2354 772 2407 quantus
781 2353 841 2400 tum,
848 2342 954 2400 Bacche,
963 2338 1037 2404 suilli,=

265 2430 315 2481 190
361 2416 421 2465 Clam
438 2416 517 2463 timuit
532 2415 626 2481 thyrsos
643 2415 788 2472 Indiavisla
803 2415 880 2464 tuos!

282 2529 285 2533 -
325 2489 441 2556 Auspiciis
452 2487 583 2553 animisque
592 2487 667 2553 patris
679 2520 686 2545 ,
703 2504 784 2553 puer,
802 2504 866 2537 arma
875 2490 985 2539 movebis
998 2504 1007 2541 t

285 2606 287 2609 ,
361 2564 393 2613 Et
408 2564 492 2613 vinces
509 2561 591 2610 animis
607 2560 764 2627 auspiciisque
779 2563 863 2627 patris.

325 2637 387 2687 Tale
402 2638 562 2687 rudimentum
576 2646 646 2685 tanto
662 2635 704 2683 sub
718 2636 814 2684 nomine
831 2636 924 2693 debes,

363 2712 435 2761 Nunc
451 2709 564 2775 iuuenum
580 2709 712 2775 princeps,
730 2709 816 2774 deinde
830 2707 1016 2760 futuresenum.

202 2773 206 2779 ¹
268 2796 315 2848 195
328 2781 390 2833 Ciam
406 2786 449 2834 tibi
462 2783 510 2834 sint
525 2783 632 2841 iratres,
650 2783 737 2833 fratres
752 2782 866 2831 ulciscere
883 2779 970 2832 laelos:

364 2856 473 2923 Crlmque
487 2867 557 2920 pater
572 2857 615 2905 tibi
632 2853 682 2913 sit,
699 2853 752 2919 juta
767 2866 836 2906 tatere
849 2852 933 2916 patris.

327 2929 407 2978 lnduit
423 2945 487 2980 arma
502 2928 546 2977 tibi
561 2928 656 2995 genitor
669 2927 800 2991 patriaeque
816 2936 941 2991 tuusque:

363 3000 443 3052 Hollis
460 3003 489 3051 ab
504 3000 581 3053 invito
595 3015 669 3069 regna
684 3008 785 3065 parente
801 2998 872 3063 rapit.
885 3063 889 3069 ἱ
