2392 3892
297 488 573 558 Hsuornan
599 487 676 555 ΕΡ.
703 490 793 559 XV.
856 488 907 583 67

199 606 266 659 Arsit
276 608 348 673 inops
364 608 453 664 frater,
466 619 549 671 captus
560 604 693 655 meretricis
703 622 783 655 amore
793 621 801 656 c

235 682 364 746 Mixtaque
374 698 426 729 cum
437 681 500 746 turpi
512 680 596 729 damna
605 676 698 745 pudore
707 678 771 727 tulit.

200 754 284 804 Fasius
294 754 364 819 inops
377 754 433 819 agili
442 752 536 819 peragit
549 752 612 800 steca
623 752 712 801 caerula
721 767 805 809 remo;
914 750 932 802 6
935 766 948 816 5

236 826 351 891 Quasque
363 828 426 874 male
435 826 514 874 amisit
524 857 531 881 ,
543 841 607 873 nunc
617 827 679 874 male
689 825 773 889 quaerit
781 840 850 889 opes.

197 897 242 963 Me
253 914 370 964 quoque,
383 897 449 964 quod
460 896 543 944 monui
550 897 613 945 bene
626 897 700 947 multa
710 893 832 956 fideliter,
843 895 893 948 odit
905 911 914 950 2

234 972 293 1020 Hoc
304 971 362 1018 mihi
371 971 483 1027 libertas,
495 969 542 1018 hoc
552 969 590 1032 pia
600 970 681 1037 lingua
691 968 767 1019 dedit.

196 1044 229 1094 Et
242 1056 362 1107 tanquam
371 1042 465 1099 desint,
478 1059 530 1108 quae
544 1058 581 1091 me
592 1043 645 1093 sine
654 1042 702 1092 fine
713 1042 830 1111 fatigent,

235 1115 384 1164 Accumulat
394 1131 462 1165 curas
474 1114 523 1164 filia
532 1132 605 1181 parva
614 1132 679 1167 meas
690 1131 698 1167 c
919 1130 953 1178 70

195 1188 292 1239 Ultima
303 1199 328 1237 tu
338 1187 422 1237 nolitis
431 1190 526 1239 accedis
537 1189 606 1239 causa
617 1190 732 1256 querelis.

232 1262 292 1311 Non
303 1262 382 1328 agitur
393 1274 469 1311 vento
478 1262 555 1312 nostra
569 1262 649 1312 carina
660 1263 712 1314 suo.

196 1333 278 1393 Ecce,
292 1333 376 1401 jacent
387 1336 453 1383 collo
462 1334 536 1398 sparsi
545 1335 597 1382 sine
605 1336 660 1401 lege
674 1335 770 1400 capilli3

213 1450 215 1455 .
230 1408 285 1456 Nec
296 1408 386 1472 premit
397 1407 511 1455 articulos
526 1406 605 1461 lucida
615 1423 707 1473 gemma
717 1424 795 1457 meos.

194 1479 268 1532 Velie
277 1493 352 1546 tegor
362 1480 404 1529 vili
415 1496 422 1529 z
434 1480 525 1528 nullum
536 1478 568 1530 est
580 1478 605 1528 in
616 1480 720 1529 crinibus
730 1494 831 1533 aaronis
885 1513 888 1518 ·
914 1494 948 1544 75

229 1555 287 1619 Non
297 1553 380 1601 Arabo
389 1551 469 1601 noster
476 1568 533 1601 rore
544 1553 643 1618 capillus
653 1555 714 1603 olet.

194 1624 319 1681 Cuicolar
330 1625 437 1675 infelix?
449 1638 491 1675 aut
502 1626 541 1675 cui
549 1625 661 1691 placuisse
672 1627 780 1676 laborem
791 1622 804 1676 i

229 1699 273 1748 llle
283 1698 332 1748 mei
343 1699 420 1749 cultlrs
433 1700 518 1749 unicus
527 1698 689 1748 ausiorabesi.

191 1770 271 1821 Molle
283 1788 361 1822 meum
371 1772 464 1822 levibus
476 1777 518 1822 cor
527 1771 561 1822 est
571 1773 684 1822 violabile
694 1771 750 1822 telis
761 1789 768 1822 t

229 1846 260 1893 Et
269 1846 363 1909 semper
371 1845 439 1895 causa
450 1845 497 1903 est,
510 1863 552 1895 cur
563 1862 611 1913 ego
623 1846 716 1911 semper
725 1862 812 1898 amem.
911 1844 946 1897 80

192 1916 250 1966 Sive
259 1917 291 1966 ira
300 1918 407 1969 nascenti
416 1920 496 1985 legem
505 1919 588 1969 dixere
601 1920 704 1970 Sorores
714 1936 725 1978 ;

229 1990 283 2039 Nec
294 1991 348 2040 data
365 1991 418 2041 sunt
426 1992 482 2041 vitae
491 1990 530 2042 fila
542 1992 625 2043 severa
635 2009 696 2043 meaa
707 1995 716 2044 ἑ

176 2061 247 2117 ‚Sive
260 2064 351 2114 abeunt
363 2064 437 2114 studia
451 2066 475 2114 in
489 2082 568 2117 mores
578 2100 585 2124 ‚
597 2078 710 2130 artesque
719 2065 852 2133 nagistraes

226 2136 352 2204 ingenium
360 2138 431 2187 nobis
441 2140 514 2188 molle
526 2136 614 2187 Thalia
622 2139 689 2187 facit.

162 2228 165 2234 ·
191 2206 257 2272 Quid
266 2210 462 2275 mirum,primae
470 2210 539 2277 sime
547 2210 664 2275 lanuginis
673 2220 732 2257 :etas
908 2206 941 2269 85

224 2281 341 2340 Abstulit,
353 2294 428 2347 atque
440 2282 495 2331 anni
505 2313 512 2337 ,
524 2296 586 2346 quos
596 2282 633 2329 vir
643 2296 723 2329 amare
733 2276 833 2345 potest?

189 2354 261 2405 Hunc
270 2373 301 2406 ne
313 2372 358 2423 pro
372 2355 482 2421 Cephalo
491 2369 605 2419 raperes,
616 2353 711 2404 Aurora
721 2385 729 2410 ,
741 2352 861 2403 timebam.

223 2429 255 2480 Et
269 2430 364 2479 faceres
379 2429 438 2479 :sed
451 2440 477 2478 to
488 2429 564 2493 prima
578 2428 659 2492 rapina
673 2438 751 2476 tenet.

187 2500 259 2551 Hunc
271 2504 291 2552 si
302 2502 453 2567 conspicias,
465 2519 517 2567 quar
529 2501 646 2568 conspicis
657 2499 753 2559 omnia,
765 2496 876 2559 Phoebe3

222 2574 301 2626 Jussus
313 2576 360 2625 erit
369 2576 463 2625 somnos
476 2575 618 2625 continuare
629 2574 721 2624 Phaon.
869 2609 871 2614 .
905 2584 940 2635 90

186 2646 258 2697 Hunc
269 2648 355 2703 Venus
365 2650 389 2700 in
398 2650 485 2698 coelum
496 2647 681 2701 curruvexislet
691 2649 801 2705 eburn03

222 2720 271 2771 Sed
280 2721 350 2771 videt
360 2722 385 2769 bc
395 2721 470 2770 Marti
480 2721 649 2787 posseplacere
659 2720 711 2769 suo.

188 2793 267 2844 Onec
276 2795 358 2845 adhuc
366 2792 478 2858 juvenis,
490 2810 536 2843 nec
546 2793 594 2857 jam
604 2792 680 2859 puer!
692 2786 839 2842 utilitates!

223 2868 247 2918 O
260 2868 354 2924 decus,
367 2878 440 2931 atque
453 2866 498 2914 aevi
514 2865 589 2932 gloria
600 2880 684 2932 magna
692 2862 747 2912 tui!

143 2970 145 2977 ·
185 2941 241 2990 Huc
249 2943 309 2991 ades
319 2961 327 3003 ;
339 2941 412 3006 inque
422 2940 505 2998 sinus,
518 2937 639 2995 formose,
653 2937 761 2986 relabere
771 2934 872 2987 nostros.
902 2950 917 3001 9
923 2952 935 3000 5

221 3016 280 3064 Non
291 3028 411 3073 mames,
428 3029 486 3072 oro,
500 3009 583 3061 verbm
599 3023 627 3061 ut
639 3026 717 3059 amare
731 3011 802 3061 sinas.

186 3087 330 3147 Scribimus,
344 3088 369 3139 &
384 3084 497 3155 laicrymis
507 3086 573 3137 oculi
583 3095 694 3135 rorantur
705 3084 806 3135 obortis.

221 3160 326 3229 Aspice,
339 3163 408 3229 quam
418 3162 451 3213 sic
461 3162 485 3213 in
498 3161 546 3214 hoc
560 3160 636 3211 multa
645 3158 714 3209 litura
723 3160 796 3211 loco.-
