2392 3892
237 460 386 527 Lim
414 458 481 526 III.
506 459 679 525 Euroia
704 457 791 525 XII.
821 479 889 551 191

180 579 341 637 Lullenture
355 576 488 643 peslusque
503 577 558 625 leue
574 575 598 624 in
613 576 731 626 contraria
747 578 868 637 tendum,

225 653 279 703 illc
292 667 378 709 amor,
395 651 440 699 hle
454 647 535 699 odium
547 665 560 698 o
571 648 629 707 sed,
646 661 723 715 puto,
739 649 815 700 vincit
829 668 904 703 amor.
961 683 964 700 .

185 726 296 785 Odere,
314 724 335 773 si
348 732 437 790 potero
453 738 460 771 :
479 721 499 771 si
515 738 583 779 non,
600 720 688 771 invitus
704 723 798 772 amabo.
907 731 940 791 35

225 800 279 849 Nec
295 796 354 863 juga
366 807 450 845 taurus
466 806 529 843 amat
543 810 551 844 z
564 810 617 859 quae
633 807 712 843 tamen
730 796 799 854 odit,
815 796 896 848 habet.

187 871 330 939 Nequitiam
345 868 412 936 fugio
427 884 435 919 e
449 868 582 934 fugientem
597 867 674 917 forma
688 867 794 920 reducit.

226 944 335 995 Aversor
351 958 445 991 morum
461 940 559 989 erimina
575 956 582 989 :
603 956 690 1007 corpus
707 956 772 990 amo.

191 1016 232 1069 Sic
249 1032 297 1085 ego
313 1029 359 1065 nec
375 1013 427 1065 sine
441 1024 488 1072 te,
504 1028 549 1062 nec
564 1024 646 1062 tecum
662 1013 745 1064 vivere
760 1012 870 1081 poll'uru:

228 1089 261 1140 Et
276 1087 364 1138 videor
377 1086 430 1137 voti
446 1086 539 1136 nescius
556 1084 603 1135 esse
620 1086 677 1136 mei.
908 1105 945 1149 40

192 1162 244 1215 Aut
253 1160 357 1211 formosa
366 1159 432 1209 sores
442 1158 534 1216 minue,
546 1159 672 1210 autminus
682 1157 789 1226 improba
799 1193 808 1218 ,
818 1161 907 1212 vellem
918 1180 926 1213 ι

230 1235 288 1285 Νοττ
305 1233 365 1283 sarit
379 1232 410 1281 ad
426 1248 505 1281 mores
522 1244 570 1280 tam
585 1234 650 1281 bona
666 1233 743 1283 forma
757 1235 843 1284 malos.

195 1306 264 1359 laea
281 1317 382 1355 movent
395 1305 497 1360 odium,
516 1304 590 1353 facies
609 1316 694 1354 exorat
710 1322 835 1357 amorem:

232 1378 277 1429 Me
293 1379 403 1429 miserum
421 1376 428 1425 !
445 1377 509 1425 vitiis
526 1375 579 1441 plus
594 1377 662 1425 valer
678 1376 717 1425 illa
734 1377 788 1426 suis.

196 1450 289 1509 Parce,
304 1467 349 1517 per
365 1449 381 1501 ὃ
398 1449 405 1499 l
425 1448 479 1499 leski
497 1446 592 1498 socialia
607 1446 678 1513 jura,
697 1465 739 1514 per
755 1466 839 1501 omnes
911 1470 945 1517 45

234 1522 311 1589 (Qui
328 1524 386 1573 dent
403 1521 521 1571 fallendos
538 1522 561 1570 se
579 1521 623 1569 tibi
642 1520 723 1585 saepe,
740 1522 750 1587 )
768 1522 857 1582 Deos,

197 1596 292 1663 Perque
308 1607 373 1646 tuam
388 1595 493 1653 faciem,
511 1592 589 1661 magni
606 1593 665 1641 mihi
681 1594 781 1645 numinis
796 1594 886 1657 inllar,

233 1669 327 1735 Perque
342 1678 397 1718 tuos
413 1667 518 1725 oculos,
536 1666 575 1732 qui
592 1683 696 1732 rapuere
712 1684 789 1717 meos.

199 1740 321 1808 Quicquid
339 1741 404 1799 eris,
423 1756 477 1788 mea
491 1738 582 1804 semper
596 1741 644 1789 eris
660 1756 668 1789 a
685 1754 712 1789 ru
727 1740 799 1807 selige
815 1741 924 1805 taurim,
1029 1742 1034 1748 ”

234 1813 281 1863 Me
295 1829 392 1879 quoque
408 1813 472 1863 velle
489 1815 567 1871 velis,
584 1829 646 1862 anne
661 1813 756 1862 coellus
770 1815 869 1865 amem?
916 1833 950 1882 5o

200 1885 287 1937 Lintea
301 1886 355 1935 dem
369 1886 449 1951 potius
461 1918 469 1943 ‚
486 1886 614 1952 ventisque
629 1887 760 1937 serentibus
775 1884 850 1949 u'trr3

237 1960 273 2011 Ut
290 1959 396 2026 quamvis
413 1957 505 2017 nolim,
525 1975 598 2027 cogar
613 1977 691 2010 amare
707 1973 804 2014 tamen.⁸

234 2068 875 2157 (πε-τέτμε»

352 2184 607 2248 ELEGIA
653 2184 761 2246 XII.

206 2276 328 2435 Quis
345 2342 391 2395 suit
406 2342 447 2392 ille
465 2340 536 2399 dies,
556 2358 604 2408 quo
620 2340 693 2392 tristia
708 2342 800 2408 semper
816 2343 903 2394 amanti

279 2416 368 2468 Omina
382 2432 432 2465 non
447 2416 506 2465 albae
523 2415 674 2466 concinuillis
692 2416 769 2465 aves?

204 2489 312 2553 Quodve
329 2500 412 2553 putem
428 2488 491 2539 sidus
507 2488 590 2538 nostris
605 2504 734 2539 occurrere
749 2485 827 2540 satis?

243 2561 346 2624 Quosve
362 2561 432 2610 Deos
449 2561 474 2610 in
490 2578 529 2610 me
546 2564 610 2612 bella
624 2578 724 2612 movere
740 2562 850 2629 querar?

205 2632 271 2700 Quae
282 2631 355 2682 modo
366 2633 426 2682 (lilla
436 2649 489 2681 mea
500 2632 532 2682 est
544 2666 551 2692 ,
568 2651 638 2700 quam
648 2636 711 2700 coepi
722 2634 785 2685 solus
794 2651 874 2685 amare
886 2668 894 2693 ‚
926 2649 939 2696 5

245 2705 309 2754 Cum
326 2704 406 2752 multis
421 2718 509 2753 vereor
524 2722 554 2753 ne
571 2706 603 2755 sit
617 2706 726 2756 habenda
742 2705 809 2757 mihi.

208 2773 345 2831 Fallimur?
363 2791 393 2824 au
410 2773 493 2823 uostris
508 2775 613 2827 innotuit
628 2778 670 2827 illa
685 2775 795 2827 libellis?

249 2851 288 2900 Sic
305 2861 358 2899 erat
376 2864 383 2897 ε
399 2846 496 2922 ingpuio
511 2847 613 2911 prollirit
628 2849 667 2896 illa
684 2866 749 2898 meo.

213 2923 246 2972 Et
261 2921 369 2972 merito:
385 2918 441 2986 quid
459 2920 521 2968 euim
536 2920 619 2970 sormae
632 2922 751 2987 praeconia
768 2916 839 2971 seri?
885 2938 890 2948 “
926 2962 932 2973 .

252 2996 387 3045 Vendibilis
405 2992 474 3058 culpi
490 2992 551 3043 salla
566 2995 648 3060 puella
662 2996 715 3043 mel
732 2994 775 3045 esl.
933 3012 964 3048 ro

214 3066 261 3118 Me
276 3068 382 3126 lenone,
397 3068 478 3132 placet
493 3084 500 3117 τ
517 3067 579 3115 duce
594 3083 651 3125 me,
668 3068 795 3133 perduelus
810 3081 921 3123 amator:

253 3136 328 3191 Jauua
344 3156 387 3207 per
402 3140 491 3192 nostras
510 3139 543 3194 est
558 3140 673 3208 adaperta
689 3158 781 3195 manus.
