2392 3892
259 466 335 546 304
360 449 428 516 Au
457 445 629 515 errr
655 443 906 517 Aramum

257 567 358 619 Scilicet
374 565 464 633 exiguo
479 562 585 630 perculsa
601 580 629 613 es
645 563 750 613 fulminis
767 564 836 624 istu,
898 607 901 616 .

295 637 395 689 Fortior
412 650 440 687 ut
455 638 533 703 possis
549 636 656 687 cladibus
673 637 720 687 effe
738 637 799 687 tuis.

258 712 361 763 Occidit
375 708 535 776 exemplum'
528 711 626 794 juvenis
640 710 781 759 venerabile
797 725 912 763 motum:

295 784 417 835 Maximus
432 784 473 833 ille
489 783 579 840 armis,
596 783 711 833 maximus
726 782 767 832 ille
784 784 855 850 toga.

217 876 248 926 15
261 860 307 909 llle
322 854 397 907 modi>
411 856 499 921 eripuit
512 856 644 906 latebrosas
660 854 767 905 hostibus
779 855 878 921 Alpes,

296 930 328 979 Et
344 929 439 979 titulum
455 928 513 977 belli
531 928 597 987 dux,
618 928 680 977 duce
696 927 788 987 fratre,
810 929 878 979 tulit.

247 1005 307 1056 ¹llle
325 1019 401 1070 genus
412 1002 507 1052 Suevos
521 1018 596 1060 acte,
613 1000 792 1067 indomitosque
804 1002 954 1069 ¹Sycambros

298 1074 436 1133 Contudit,
455 1074 528 1140 inque
544 1074 626 1141 sugam
641 1075 742 1122 barbara
757 1086 827 1140 terga
844 1075 930 1125 dedit:

259 1150 420 1217 ignotumque
435 1147 481 1196 tibi
492 1147 579 1196 meruit
590 1179 597 1204 ,
616 1146 744 1206 Romane,
762 1147 908 1213 triumphum
918 1165 932 1208 ·‚

218 1240 253 1275 20
299 1221 403 1271 Protulit
419 1220 445 1268 in
462 1231 538 1269 terras
556 1219 730 1285 imperiumque
747 1235 834 1271 novas.

260 1294 361 1344 Solvere
378 1303 438 1342 vota
455 1290 531 1347 Jovi,
547 1292 652 1342 satorum
668 1293 750 1359 ignara
766 1304 867 1343 tuorum

296 1366 399 1423 Mater,
417 1364 443 1415 ὃ(
460 1364 576 1415 armilerae
592 1365 688 1415 solvere
704 1378 763 1414 vota
780 1366 864 1425 Deae,

263 1436 445 1503 Gradivumque
460 1450 553 1504 patrem
571 1438 639 1488 donis
654 1439 755 1503 implere
771 1440 895 1503 parabas3

299 1512 331 1562 Et
346 1528 510 1577 quoscumque
526 1511 575 1560 coli
591 1509 677 1577 jusque
694 1511 808 1576 piumque
825 1512 911 1563 Deos.

219 1602 235 1637 2
240 1601 252 1649 5
264 1584 424 1649 Materndque
440 1584 520 1633 sacros
535 1583 642 1649 agitabas
656 1595 737 1632 mente
753 1584 888 1650 triumphos
903 1598 913 1638 t

299 1657 409 1706 forsitan
425 1656 450 1706 &
467 1672 530 1705 curae
546 1655 595 1721 jam
608 1655 653 1705 tibi
668 1672 750 1705 currus
768 1669 831 1706 erat.

263 1732 357 1780 Funera
374 1746 419 1795 pro
434 1728 504 1779 sacris
521 1730 564 1778 tibi
579 1729 632 1778 sunt
647 1728 756 1778 ducenda
770 1729 918 1796 triumphis,

298 1802 331 1851 Et
346 1803 451 1853 tumulus
466 1802 572 1852 Drusum
588 1818 633 1868 pro
648 1801 716 1853 Jovis
726 1805 789 1851 'arce
807 1816 899 1852 manet.

263 1876 381 1941 Fingebas
397 1876 528 1932 reducem,
546 1888 716 1940 praeceptaque
731 1889 815 1924 mente
832 1876 934 1925 fovebas

219 1960 253 2011 30
302 1948 417 2003 Gaudiat
436 1948 462 1996 δι
475 1958 535 1995 ante
550 1948 636 2014 oculos
650 1946 697 2010 jam
714 1948 761 1995 tihi
773 1948 853 1998 vietor
867 1961 929 1997 erat.

262 2020 315 2071 Jam
331 2014 414 2068 vestiet
430 2034 438 2068 t
453 2015 500 2083 jam
517 2035 556 2068 me
571 2031 705 2087 gratantem
721 2015 792 2069 turba
807 2021 921 2072 videbit:

299 2092 351 2143 Jam
367 2091 424 2141 mihi
437 2108 482 2157 pro
496 2091 578 2143 Druso
594 2093 657 2143 dona
672 2093 771 2161 serenda
786 2110 852 2144 meo.

264 2165 346 2215 Obvia
361 2165 522 2232 progrediar,
540 2165 645 2232 felixque
660 2183 704 2231 per
720 2166 808 2232 oppida
824 2166 913 2224 dicar;

301 2238 420 2303 Collaque
436 2238 461 2287 bt
478 2239 525 2287 hoc
543 2241 629 2289 oculos
645 2240 707 2289 illius
724 2256 768 2289 ore
784 2256 905 2304 premam.

211 2317 254 2374 '35
265 2311 332 2360 Talis
350 2311 395 2361 erit
410 2326 418 2361 ε
433 2310 467 2361 sic
483 2324 597 2361 occurret
613 2329 620 2363 ε
637 2314 672 2362 sie
687 2312 768 2362 oscula
781 2311 888 2379 junget:

302 2384 358 2433 Hoc
377 2384 437 2433 mihi
448 2385 552 2433 narrabit
571 2401 578 2434 t
593 2385 628 2435 sic
645 2384 710 2450 prior
724 2384 774 2449 ipsa
789 2386 886 2449 loquar·

245 2503 249 2510 .
266 2456 362 2507 Gaudia
377 2474 439 2506 vana
452 2458 521 2506 foves
533 2474 539 2507 :
551 2458 615 2521 spem
629 2474 711 2522 pone,
726 2457 871 2517 miserrima,
884 2458 971 2510 falsam·

301 2530 393 2577 Desine
410 2529 440 2577 de
457 2529 539 2577 Druso
556 2529 610 2578 laeta
625 2530 718 2577 referre
731 2541 786 2579 tuo.

264 2600 364 2651 Caesaris
380 2600 439 2649 illud
456 2616 537 2665 opus,
552 2601 604 2649 voti
620 2617 675 2665 pars
689 2602 766 2651 altera
783 2601 874 2659 vestri,

196 2700 200 2708 f
221 2686 256 2735 40
303 2673 403 2730 Occidit
419 2690 427 2723 t
443 2674 571 2741 indiguas,
587 2674 673 2733 Livia,
691 2674 757 2724 solve
775 2691 865 2725 comas.

266 2746 333 2811 Quid
348 2747 392 2799 tibi
406 2764 469 2798 nunc
484 2764 564 2799 mores
580 2746 699 2814 prosunt?
720 2748 844 2814 albumque
861 2745 953 2812 pudic¹e

303 2820 385 2869 Omne
399 2838 493 2879 aevum,
512 2821 537 2871 ὅ(
552 2833 621 2872 tanto
635 2834 684 2871 tam
699 2821 849 2886 placuisse'
826 2819 904 2870 vito?

263 2890 403 2967 ‘Quidque
418 2893 532 2977 pudicitia
547 2903 640 2946 tantum
654 2894 769 2945 inviolata
785 2893 953 2953 bonorum,

302 2954 394 3014 Ultima
407 2968 438 3017 sit
455 2967 562 3017 leudes
556 2982 621 3018 mter
636 2979 663 3017 ut
677 2969 717 3016 illa
732 2965 806 3016 tuas?

221 3046 264 3099 45
267 3035 334 3100 Quid
352 3040 452 3089 tenuisse
467 3041 568 3089 animum
584 3053 669 3091 contra
684 3040 723 3089 sua
740 3040 818 3089 secula
834 3034 956 3090 reslum!

301 3108 382 3162 Altius
400 3113 425 3165 ὅ(
442 3113 506 3184 vitiis
522 3114 647 3168 exseruisse
663 3108 766 3177 caputt,
