2392 3892
316 458 393 534 234
442 436 656 508 Orrnrr
681 440 933 513 Nasum

316 560 379 609 Cum
393 561 484 619 volet,
499 560 604 609 accedes
619 573 628 608 t
642 576 697 608 cum
712 571 739 609 te
755 562 862 620 vitabit,
878 565 966 615 abibis.

255 642 306 693 530
352 633 468 683 Dedecet
482 634 602 700 urgendos
615 633 686 681 taedia
701 633 766 683 ferre
783 636 826 683 sui

314 704 430 773 Effugere
445 708 510 755 bunc
526 724 576 755 non
592 704 645 762 eti,
662 722 736 772 qnare
752 707 796 756 tibi
810 711 891 774 possit
906 712 984 762 amica

351 779 467 829 Dicere?
484 796 534 829 non
547 780 614 828 omni
628 791 740 844 ternpore
755 781 836 830 senius
850 784 929 833 adet.

315 852 372 902 Nec
387 852 512 902 maledi&
527 865 607 918 puta,
624 867 671 901 nec
687 854 789 903 verbera
804 855 870 904 ierre
885 858 975 921 puellae
1018 856 1022 861 ”

351 926 457 992 Turpe,
475 942 523 975 nec
538 926 570 974 ad
582 937 684 974 teneros
698 926 780 975 oscula
795 927 861 977 ferre
875 930 964 994 pedet.

254 1008 305 1059 535
316 996 384 1062 Quid
399 1000 522 1051 motoria
536 995 640 1064 parvis?
657 998 751 1048 affinius
764 999 896 1064 majorum
910 1001 990 1051 instet.
1018 1000 1023 1045 Ῑ

351 1072 443 1140 Magna
459 1087 542 1121 canam
558 1088 566 1121 τ
580 1083 638 1120 toto
652 1071 773 1137 pedore,
789 1075 898 1139 vulgus,
914 1076 983 1124 ades.

315 1143 398 1194 Ardua
411 1145 523 1194 molimur
540 1159 547 1193 :
563 1144 605 1192 sed
620 1145 707 1202 nttlla,
721 1144 769 1194 nisi
782 1146 876 1205 ardua,
892 1150 982 1200 virtut.

349 1215 462 1267 Difficilis
479 1214 558 1265 nostrai
572 1215 681 1280 poscitur
694 1230 748 1267 arte
764 1218 843 1269 labor.

313 1288 423 1339 Rivalem
438 1289 560 1356 patienter
573 1288 660 1346 habe;
677 1289 777 1339 vittoria
791 1302 875 1340 tecum

254 1368 306 1418 540
351 1361 453 1413 Stabit:
470 1362 518 1412 eris
534 1362 616 1428 magni
628 1361 706 1411 vidior
720 1363 746 1411 in
760 1380 817 1413 arce
833 1364 913 1414 loris.

314 1433 376 1485 Haec
384 1435 430 1486 tibi
440 1451 490 1486 non
498 1435 622 1485 bominem
632 1467 642 1493 ,
657 1434 700 1483 sed
712 1451 817 1501 quercus
827 1438 902 1487 crede
912 1436 1024 1508 Pelasgas

350 1508 442 1559 Dicere
457 1525 466 1559 ε
481 1507 515 1557 nil
528 1507 576 1557 iltis
590 1524 629 1558 ars
645 1522 700 1559 met
713 1507 789 1573 maius
804 1510 889 1560 habet.

247 1598 254 1602 ·
314 1582 405 1632 Innuet
419 1583 478 1639 illa,
494 1581 558 1630 feras
573 1596 581 1630 t
596 1580 705 1638 scribet,
719 1595 751 1629 ne
767 1594 841 1649 tange
856 1584 980 1635 tabellas:

351 1655 425 1704 Unde
440 1655 519 1712 libet,
538 1653 640 1702 veniat:
657 1652 754 1718 qudque
770 1654 872 1712 libebit,
890 1668 944 1705 eat.

255 1741 303 1790 545
316 1726 374 1775 Hoc
389 1727 414 1777 in
428 1727 535 1795 legitima
551 1725 663 1791 praellcnt
676 1741 753 1775 uxore
768 1728 867 1785 mariti3

352 1798 414 1849 Ciun
424 1812 496 1850 tener
506 1833 515 1858 ,
530 1798 561 1847 ad
571 1809 652 1863 partes
662 1810 689 1846 tu
699 1815 796 1863 quoque
808 1831 816 1856 ,
832 1799 933 1859 somne,
947 1802 1024 1852 venis.

314 1870 370 1920 Hac
385 1888 452 1939 ego,
470 1869 608 1927 confiteor,
624 1886 674 1919 non
688 1870 738 1919 sum
752 1871 874 1935 perlettus
887 1873 914 1921 in
928 1887 989 1924 arte.

350 1942 417 2006 Quid
433 1941 541 1992 latiam?
557 1942 656 1991 monitis
670 1942 720 1991 suni
734 1943 813 1993 minor
827 1944 880 2009 ipse
894 1947 965 1995 meir·

313 2015 391 2067 Mene
405 2018 483 2083 marn
496 2014 581 2066 nostra
596 2014 639 2066 det
654 2013 779 2081 quisquam
793 2017 863 2084 signa
878 2016 990 2084 puelle?
1027 2040 1035 2060 ιτ

255 2103 306 2151 550
352 2089 385 2141 Et
398 2087 498 2157 patiar?
516 2105 563 2139 nec
579 2104 618 2138 me
632 2089 742 2154 quolibet
757 2088 793 2138 ira
807 2090 895 2140 serat?

316 2162 407 2214 Oscula
422 2164 459 2214 vir
473 2163 594 2221 dederat,
611 2162 726 2220 memini,
741 2163 817 2213 suus:
835 2164 917 2226 pirula
932 2165 1024 2232 questus

353 2237 411 2287 Sum
429 2238 484 2287 data
499 2253 507 2287 ε
523 2235 630 2285 balbarie
645 2235 844 2287 noster-abundat
858 2252 936 2287 arnor.

316 2309 375 2359 Non
392 2310 466 2359 semel
479 2309 528 2358 boc
541 2308 628 2358 vitium
644 2309 730 2357 nocuit
743 2308 800 2357 mihi
813 2324 821 2359 ε
837 2309 930 2359 duelies
946 2311 1008 2369 ille,

351 2381 410 2444 Quo
426 2381 528 2431 veniunt
544 2381 583 2430 alii
601 2380 746 2430 conciliante
762 2382 826 2431 viro.

255 2466 304 2515 555
316 2454 365 2503 Sed
379 2454 465 2504 melius
479 2451 576 2503 nescllle
592 2453 638 2501 fuit
653 2453 728 2503 :sine
744 2454 808 2503 furta
822 2463 957 2522 tegantur,

252 2530 255 2537 '
349 2526 389 2573 Ne
406 2526 483 2591 fugiat
496 2525 561 2573 visto
577 2522 649 2573 falsus
665 2527 696 2573 ab
713 2540 758 2574 ore
773 2527 863 2591 pudor.

315 2597 374 2662 Quo
384 2598 473 2665 magis,
485 2595 501 2647 ὂ
513 2596 519 2645 !
532 2595 651 2663 juvenes,
662 2596 812 2663 deprendere
823 2601 915 2666 parcite
926 2597 1026 2651 uestras,¹

351 2669 459 2721 Peccent
474 2686 484 2721 a
498 2682 630 2737 peccantes
646 2672 721 2721 rerba
737 2670 826 2721 dediffe
840 2686 938 2738 putent.

316 2743 410 2795 Crescit
419 2760 486 2795 amor
495 2744 589 2810 prensis
605 2759 613 2794 ι
629 2744 671 2793 ubi
682 2761 725 2810 par
735 2744 832 2795 lomina
843 2747 946 2797 duorum
957 2746 1010 2805 eli,

255 2812 306 2877 560
352 2818 381 2867 ln
398 2819 466 2869 causa
482 2818 561 2867 damni
577 2817 666 2884 perdat
682 2830 785 2884 uterque
801 2818 844 2867 sui.

313 2888 403 2939 Fabula
420 2902 530 2941 narratur
546 2902 602 2940 toto
617 2890 743 2940 notissima
759 2892 843 2944 coelo,

351 2961 495 3013 Mulciberis
513 2963 576 3028 capti
591 2962 709 3028 Marsque
722 2964 856 3024 Venusque
871 2958 944 3010 dolis.

314 3030 383 3082 Mars
400 3046 487 3099 pater,
507 3035 589 3084 insano
603 3036 709 3087 Veneris
726 3034 834 3083 turbatus
850 3048 954 3094 amore,

350 3103 391 3154 De
408 3107 470 3160 duce
485 3108 587 3159 terribili
601 3106 678 3157 factus·
689 3116 781 3156 amtor
797 3115 862 3159 erat.
933 3142 935 3145 .
982 3143 989 3151 .
