2392 3892
186 452 189 457 ’
279 460 327 544 78
377 460 418 527 P.
448 459 634 530 Omni!
662 460 885 532 NAsomr

278 578 345 643 Quid
356 578 440 629 facian
449 578 548 629 dubito:
561 580 632 629 dolor
641 578 674 627 est
683 595 750 629 meus
761 580 801 629 illa
812 583 894 633 videre
903 601 915 642 ;

293 701 299 711 ,
315 652 364 702 Sed
374 652 445 704 dolor
455 670 469 702 a
479 652 541 702 facie
551 650 629 718 major
639 651 717 702 abelle
726 650 779 701 tul.

218 737 250 792 23
257 739 269 788 5
284 725 340 791 Qut
348 725 424 785 licet,
440 725 466 777 δι
475 724 580 792 polium,
591 724 669 775 letior
678 725 760 775 celare
769 724 897 781 furorem:

316 798 365 849 Sed
372 810 453 849 mmen
464 810 563 865 apparet
573 798 732 849 dissimulatus
741 815 820 851 emor.

279 872 334 923 Nec
340 872 385 923 tibi
392 873 466 924 verbe
476 872 557 924 demut
568 888 576 922 t
588 872 660 922 sentis
670 888 724 922 mea
734 873 851 934 vulnera,
863 875 949 927 sentis:

316 946 399 1013 Atque
410 946 500 996 utinam
510 945 554 996 soli
563 946 612 996 sint
619 962 648 995 ea
657 933 768 995 nota'trbi
780 944 788 995 l

279 1017 320 1069 Ah
332 1018 338 1067 ἔ
351 1019 463 1085 quoties,
481 1019 592 1085 lacrymis
601 1017 772 1076 venientibus,
785 1034 828 1069 nra
836 1020 935 1081 reflexi,

218 1105 271 1155 240
318 1093 358 1141 Ne
368 1092 459 1141 causam
470 1090 541 1140 fletus
550 1102 671 1156 quaereret
683 1090 724 1139 ille
733 1090 782 1141 mei
793 1090 801 1139 l

279 1163 319 1213 Ab
332 1164 338 1211 l
349 1164 445 1229 quoties
455 1162 569 1228 juvenum
580 1163 674 1212 narravi
682 1174 756 1229 potua
764 1181 876 1226 amores,

317 1234 356 1285 Ad
366 1236 447 1286 vultus
457 1236 567 1288 reserens
575 1237 669 1304 singula
680 1237 756 1287 verba
763 1248 838 1299 tuos;

280 1308 445 1377 Indiciumque
455 1310 504 1360 mei
515 1308 571 1362 fitto
580 1309 623 1360 sub
632 1310 729 1361 nomine
739 1310 788 1360 feci
799 1310 807 1360 l

316 1383 361 1433 llle
371 1400 418 1452 ego
426 1384 447 1434 si
456 1384 531 1435 nescis
543 1418 550 1444 ,
562 1401 636 1435 verus
644 1396 737 1434 amator
745 1399 823 1434 eram.

220 1471 269 1519 245
284 1455 350 1521 Quin
361 1458 448 1518 etiam,
458 1470 486 1508 ut
496 1457 586 1523 poffem
592 1457 674 1507 verbis
683 1454 833 1521 petulanrids
842 1459 898 1519 uti,

318 1532 377 1581 Non
386 1530 458 1582 semel
469 1532 571 1586 ebrietes
583 1529 617 1583 esl
629 1528 741 1580 simulata
749 1530 817 1581 mihi.

282 1602 455 1662 Proditesunt,
468 1604 579 1663 memini,
592 1602 674 1656 runici
682 1602 829 1667 tuapetlora
840 1605 915 1667 laxi,
964 1656 966 1659 ,

318 1675 400 1743 Atque
412 1675 489 1727 oculis
498 1677 588 1727 aditum
599 1676 662 1726 nuda
673 1675 763 1727 dedere
776 1678 836 1726 meis
848 1694 856 1727 r
904 1677 920 1689 “

281 1747 381 1799 Pellena
390 1751 431 1799 vel
439 1749 505 1816 puris
516 1750 625 1808 nivibus,
635 1751 676 1799 vel
684 1748 745 1799 laste
752 1781 761 1807 ,
769 1761 886 1816 tuamque
915 1755 917 1759 '

221 1834 273 1882 250
322 1821 458 1889 Complexo
468 1836 568 1873 matrem
580 1822 718 1874 candidiora
729 1821 804 1873 Jove.

283 1893 349 1943 Dum
361 1895 443 1959 stupeo
454 1896 527 1954 visis,
540 1905 594 1952 tam
608 1896 697 1962 pocula
708 1896 773 1946 forte
781 1898 914 1957 tenebam,

317 1965 418 2017 Tortilis
428 1984 442 2018 e
452 1968 530 2033 digitis
541 1968 632 2018 excidit
641 1968 696 2017 ansa
706 1969 775 2020 meis.

283 2037 373 2091 Oscula
382 2039 403 2090 si
411 2052 473 2098 natae
483 2040 601 2099 dederar3
612 2057 660 2109 ego
670 2042 781 2107 protinus
790 2042 832 2093 illa

320 2113 465 2165 Hermiones
477 2126 564 2170 tenero
575 2116 645 2165 laetus
656 2116 686 2164 ab
696 2131 739 2165 ore
748 2116 802 2166 tuli.

221 2196 272 2248 255
287 2185 318 2236 Et
328 2186 401 2240 modb
410 2190 534 2240 cantabam
544 2202 643 2241 veteres
655 2188 780 2254 resupinus
788 2204 884 2239 amores
895 2206 905 2241 r

320 2260 434 2312 Etmodb
444 2276 581 2329 permirum
593 2263 660 2330 signa
669 2261 774 2328 tegenda
783 2261 877 2310 dabam.

281 2332 315 2383 Et
325 2337 438 2385 comitum
448 2336 535 2401 primas
546 2335 681 2402 Clymenen
693 2330 852 2395 AEthramque
863 2345 959 2385 tuarum

318 2406 397 2457 Ausus
409 2408 458 2457 sum
471 2409 562 2458 blandis
572 2423 649 2472 nuper
657 2404 722 2453 adire
731 2402 795 2452 sonis
812 2418 820 2452 r

198 2527 202 2535 ,
284 2476 346 2541 Quae
355 2481 411 2529 mihi
421 2499 471 2532 non
482 2481 544 2531 aliud
555 2481 643 2545 ,quem
653 2474 800 2533 formidare,
813 2475 903 2529 locutae
913 2514 922 2539 ‚

221 2546 272 2598 260
322 2552 421 2603 Orantis
431 2554 521 2604 medias
533 2551 661 2601 deseruere
671 2564 767 2615 preces.

283 2624 317 2675 Di
326 2627 435 2680 facerent
445 2662 453 2686 ‚
463 2624 543 2694 magni
550 2623 654 2691 pretium
665 2620 801 2673 certaminis
811 2622 872 2675 effer
884 2625 891 2674 !

319 2700 405 2768 Teque
415 2701 457 2750 suo
467 2698 544 2749 vietor
553 2695 631 2763 posset
640 2697 731 2747 habere
741 2709 797 2747 roro
811 2695 818 2747 l

283 2772 319 2821 Ut
330 2776 384 2824 tulit
396 2774 561 2840 Hippomenes
572 2770 720 2823 Schoeneida
730 2768 739 2829 ,“
748 2770 845 2837 praemia
857 2772 959 2833 cursus)

320 2849 430 2897 Venitur
440 2848 464 2898 in
474 2846 592 2915 Phrygios
604 2846 765 2914 Hippodamia
773 2845 839 2894 sinus
848 2862 859 2902 3

219 2912 255 2974 ,26
261 2928 272 2976 5
285 2916 320 2968 Ut
334 2921 399 2971 ferus
409 2915 508 2991 Alcide}
518 2918 641 2972 Acheloia
652 2934 742 2969 cornua
751 2915 823 2983 fregit
832 2948 841 2973 ‚

320 2992 385 3041 Dum
393 2994 455 3057 petit
464 2995 605 3060 amplexus,
617 2990 753 3046 Deianira,
765 3000 820 3037 tuos
832 3004 842 3038 r

283 3062 306 3112 N
309 3062 368 3112 osira
378 3083 422 3130 per
431 3068 472 3115 has
484 3068 551 3134 leges
561 3063 659 3116 audacia
667 3060 753 3116 fortior
762 3058 813 3110 isset
822 3077 835 3119 ς

320 3134 406 3203 Teque
417 3139 464 3189 mei
477 3139 550 3190 sciren
560 3136 608 3189 elle
620 3134 708 3187 laboris
718 3150 788 3202 opum
