2392 3892
258 482 319 537 uu
333 462 453 534 Aure
469 465 569 533 AMA
578 463 664 531 uni
690 463 728 529 L.
754 464 819 531 III.
847 487 920 562 243

214 587 277 639 Dum
291 586 371 644 licet,
392 584 418 635 ἃ
435 600 508 635 veros
526 583 597 633 etiarn
613 599 677 633 nunc
694 582 764 631 editis
780 600 875 646 annos,

247 659 335 709 Ludite
351 673 359 708 z
376 669 435 707 eunt
451 658 506 707 anni
522 673 590 706 more
604 656 700 724 fluentis
718 673 795 721 aquae.

213 732 285 791 Nec,
304 748 358 799 quae
375 730 510 797 praeteriit,
527 729 614 780 iterum
632 728 787 780 revocabitur
804 731 888 784 unda:

248 808 322 863 Nec,
340 820 394 870 quae
409 803 543 871 praeteriit,
560 804 620 853 hora
637 804 718 853 redire
735 802 823 869 potest.

214 878 337 931 Utendum
355 876 389 926 eu
402 888 498 927 aetate:
518 876 567 925 cito
583 876 647 942 pede
664 878 752 926 labitur
766 889 844 929 aetas:
932 879 965 944 65

248 953 303 1001 Nec
319 952 384 999 bona
399 961 449 998 tam
468 948 591 1015 sequitur,
610 953 680 1015 quim
696 951 759 999 hona
776 950 853 1017 prima
869 950 925 1006 fuit.

214 1023 266 1074 llos
282 1040 351 1090 ego,
369 1021 410 1088 qui
426 1034 515 1072 canent
529 1022 649 1081 frutices,
666 1023 767 1073 violaria
782 1023 852 1075 virli:

248 1096 303 1146 Hac
317 1093 377 1144 mihi
393 1095 424 1144 de
439 1095 503 1161 spina
519 1108 586 1163 grata
602 1112 692 1145 corona
708 1096 763 1147 data
779 1096 821 1147 est.

213 1169 321 1234 Tempus
333 1168 398 1225 erit,
414 1180 499 1235 quotu
511 1203 518 1228 ,
534 1186 587 1235 quae
598 1186 661 1219 nunc
672 1171 780 1223 excludis
791 1182 929 1232 amantem,

248 1240 345 1309 Frigida
362 1240 455 1291 deserti
471 1242 541 1291 nolle
558 1242 650 1309 jacebis
668 1260 746 1294 anus:
930 1262 966 1310 70

208 1315 268 1366 xNec
285 1327 327 1364 tua
342 1313 459 1364 nollurni
477 1315 601 1382 frangetur
616 1314 688 1379 janua
703 1316 775 1375 rixi,

249 1387 334 1455 Sparsa
348 1404 395 1437 nec
411 1387 518 1437 invenies
536 1388 617 1437 limina
633 1404 702 1437 mane
721 1388 785 1438 rosi.

216 1459 293 1525 Quim
308 1457 377 1519 cito,
394 1477 433 1509 me
447 1461 556 1511 miserum
572 1461 578 1509 l
593 1461 705 1511 laxantur
719 1477 821 1526 corpora
837 1460 923 1532 rugis,

250 1534 282 1584 Et
296 1533 379 1600 perit,
397 1534 422 1583 in
439 1534 514 1584 nitido
531 1534 571 1601 qui
585 1534 632 1584 luit
651 1550 710 1593 ore,
732 1534 820 1585 colori

216 1606 331 1672 Quasque
346 1604 413 1656 futilie
428 1607 472 1656 tibi
488 1624 558 1658 canas
575 1624 589 1656 a
607 1607 700 1675 virgine
716 1605 803 1673 jures,
932 1623 965 1675 75

249 1680 399 1745 Spargentur
414 1680 498 1729 subitae
513 1698 557 1747 per
571 1693 643 1747 caput
658 1697 729 1731 omne
746 1679 838 1732 comae!

214 1752 339 1820 Anguibus
356 1752 452 1803 exuitur
465 1754 533 1803 tenui
551 1771 605 1804 curn
622 1755 687 1821 pelle
704 1754 831 1813 vetustam

249 1828 304 1877 Nec
320 1825 412 1875 faciunt
427 1843 514 1876 cervos
530 1844 620 1878 cornua
634 1827 696 1895 jatla
711 1828 789 1879 senes.

214 1898 301 1949 Nollra
315 1898 368 1948 sine
384 1900 475 1950 auxilio
491 1900 586 1970 fugiunt
603 1904 666 1952 bona
681 1917 689 1954 z
706 1903 797 1969 carpite
813 1902 920 1964 florem

251 1972 322 2037 Qui,
340 1972 384 2022 nisi
398 1986 494 2039 carptus
509 1977 574 2034 erit,
589 1977 693 2042 turpiter
709 1975 758 2041 ipse
777 1978 856 2028 cadet.
932 1976 967 2028 8ο

213 2046 305 2103 Adde,
325 2046 389 2111 quod
409 2047 532 2112 &partus
550 2049 641 2098 faciunt
656 2049 770 2097 breviora
787 2048 894 2114 juventa

248 2118 396 2183 Tempora:
415 2119 530 2168 continui
546 2120 617 2168 melle
634 2118 736 2168 senescit
755 2135 823 2186 ager.

213 2191 322 2247 Latmius
338 2192 474 2258 Endymion
492 2207 542 2241 non
558 2191 669 2249 esttibi,
687 2189 773 2250 Luna,
793 2189 895 2242 rubori:

249 2265 305 2313 Nec
323 2262 447 2330 Cephalus
463 2263 538 2314 roseae
553 2264 634 2332 praeda
651 2263 762 2329 pudenda
778 2262 851 2315 Deae.

211 2338 249 2388 Ut
265 2336 379 2397 Veneri,
396 2355 467 2405 quern
482 2338 550 2405 luget
564 2338 662 2396 adhuc,
679 2337 783 2388 donetur
797 2335 913 2395 Adonis;
934 2334 949 2387 8
954 2352 967 2400 ς

248 2409 324 2460 Unde
339 2410 412 2461 habet
426 2410 522 2462 AEnean
537 2410 734 2478 Harmonienque
751 2409 829 2460 suos?

212 2484 251 2533 lte
268 2499 314 2549 per
328 2486 482 2551 exemplum,
500 2502 575 2554 genus
590 2482 606 2535 ὃ
621 2484 628 2535 !
644 2486 766 2543 mortale,
786 2484 915 2535 Deorum:

253 2555 350 2607 Gaudia
366 2574 412 2607 nec
430 2559 520 2625 cupidis
537 2560 613 2614 vestra
629 2573 717 2627 negate
733 2559 801 2608 uiris.

214 2629 250 2679 Ut
267 2627 316 2691 jam
333 2629 472 2693 decipiant.
491 2632 548 2696 quid
562 2631 684 2699 perditis?
702 2631 782 2679 omnia
798 2628 916 2680 constant.

253 2700 326 2750 Mille
343 2700 401 2749 licet
417 2700 528 2759 sumant,
547 2703 644 2769 deperit
659 2703 715 2751 inde
731 2702 801 2751 nihil.
935 2711 970 2764 90

216 2772 361 2825 Conteritur
377 2772 485 2829 ferrum,
502 2774 582 2824 silices
598 2786 728 2824 tenuantur
742 2772 843 2824 abusu:

254 2844 367 2905 Sufficit,
387 2845 413 2895 dc
431 2844 510 2895 damni
526 2863 580 2912 patr
598 2859 666 2896 caret
680 2847 722 2895 illa
738 2858 816 2896 metu.

218 2918 286 2984 Quid
301 2932 369 2970 vetet
384 2918 498 2986 apposito
514 2918 595 2969 lumen
610 2919 641 2969 de
656 2918 746 2970 lumine
764 2917 844 2978 sumi,

256 2992 350 3056 Quisve
367 3011 428 3044 cavo
442 2992 516 3043 vastas
532 2994 557 3044 in
572 3010 637 3043 mare
653 2993 733 3045 servet
748 2990 843 3061 aquas?

218 3067 272 3118 Det
287 3078 367 3117 tamen
377 3069 425 3118 ulla
440 3068 493 3118 viro
503 3068 589 3118 mulier
601 3102 609 3128 ,
623 3082 673 3117 non
683 3068 783 3135 expedit
796 3101 804 3127 ‚
818 3066 906 3134 inquis.
932 3083 965 3132 95

256 3138 324 3206 Quid
335 3173 344 3200 ,
360 3142 405 3195 nisi
414 3160 484 3212 quam
495 3143 571 3197 sumes
584 3176 592 3207 ,
609 3142 650 3195 dic
658 3142 717 3196 mihi
728 3176 738 3205 ,
752 3142 834 3212 perdis
844 3158 928 3207 aquam
939 3142 949 3191 ἓ

828 3232 878 3301 Lu
925 3285 929 3295 .
