2392 3892
273 477 324 547 92
372 454 414 523 P.
443 454 630 524 omnir
656 454 883 527 Nrsonrn
1012 268 1018 519 i

274 577 401 641 Alcyones
418 574 474 624 solae
491 591 610 623 memores
625 574 714 640 Ceycis
729 577 824 633 amati,

312 646 402 697 Nescio
417 648 474 713 quid
489 648 544 697 visae
560 647 614 696 sunt
630 648 687 697 milri
702 648 775 697 dulce
792 648 874 714 queri.

174 731 186 754 -’
276 720 377 786 Jamque
394 720 498 787 fatigatis
514 722 616 769 humero
633 721 674 769 sub
691 732 798 786 utroque
816 722 930 779 lacertis,

314 794 420 844 Fortiter
437 796 462 842 in
477 794 576 842 summas
592 794 674 860 erigor
689 795 753 843 altus
767 811 852 860 aquas.

233 866 248 916 8
254 882 265 928 5
279 868 314 917 Ut
331 870 417 932 procul
432 866 512 931 aspexi
528 867 626 925 lumen,
646 866 721 915 Meua
736 867 799 933 ignis
816 869 841 916 in
855 869 898 918 illo
912 865 961 917 estt-

314 940 359 989 llla
375 956 474 996 meum,
494 939 561 997 dixi,
580 940 652 989 litora
667 956 755 988 numen
770 941 871 991 habent.

278 1013 311 1063 Et
326 1012 403 1063 subird
418 1013 486 1062 lassis
502 1014 567 1062 vires
581 1013 677 1061 rediere
693 1014 792 1063 lacertis
805 1030 817 1063 τ

315 1087 437 1151 Visaque,
456 1089 525 1149 quam
539 1086 638 1143 suerat,
656 1086 754 1134 mollior
768 1087 832 1135 unda
848 1088 914 1137 mihi.

278 1159 377 1224 Frigora
393 1174 424 1205 ne
441 1158 531 1222 possim
547 1158 621 1223 gelidi
637 1158 726 1206 sentire
742 1159 879 1223 profundi,

239 1245 272 1294 90
319 1230 369 1293 Qui
384 1231 449 1278 calet
464 1229 488 1278 in
505 1231 594 1295 cupido
611 1231 729 1295 pedore,
748 1232 843 1296 praestat
857 1248 936 1282 amor·

279 1302 338 1365 Quo
354 1304 428 1370 magis
445 1303 538 1353 accedo
552 1338 560 1362 ,
576 1306 739 1370 propioraque
753 1305 826 1355 litora
839 1304 919 1363 finnt,

315 1375 421 1442 Qudqne
438 1378 515 1426 minus
533 1377 624 1435 restat3
643 1380 698 1443 plus
716 1379 778 1427 libet
795 1378 832 1427 ire
849 1380 913 1428 mibi.

278 1448 341 1501 clm
357 1466 418 1499 vero
434 1448 525 1516 possum
544 1451 612 1500 cerni
627 1467 744 1516 quoque,
763 1452 877 1515 protinus
893 1448 954 1500 addis

314 1523 448 1588 Speslatrix
466 1524 580 1582 animm
596 1534 625 1572 ut
639 1526 801 1588 valeamque,
821 1525 890 1575 facis.

235 1608 266 1658 95
280 1598 352 1646 Nunc
368 1598 441 1646 etiam
457 1598 536 1645 nando
554 1596 657 1647 dominae
671 1596 783 1663 placuisse
798 1598 904 1658 laboro,

315 1670 396 1736 lltqne
413 1670 490 1719 oculis
509 1669 571 1732 jacio
586 1671 682 1719 brachia
701 1669 779 1719 nostra
794 1671 853 1719 tuis.

278 1742 317 1791 Te
333 1755 375 1791 tua
391 1742 431 1792 vix
446 1743 558 1808 prohibet
574 1744 655 1793 nutrix
670 1741 816 1792 descendere
833 1745 859 1792 in
875 1745 965 1794 altum?

316 1815 372 1865 Hoc
388 1832 485 1882 quoque
502 1817 566 1865 enim
583 1817 654 1874 vidi;
676 1834 722 1866 nec
737 1816 794 1865 mihi
809 1818 885 1867 verba
903 1818 979 1866 dabas.

278 1887 333 1935 Nec
349 1901 430 1939 ramea
445 1887 545 1945 effecit,
560 1890 667 1955 quamvis
681 1890 803 1939 retinebat
816 1902 932 1947 euntem,

219 1972 269 2006 100
315 1960 353 2008 Ne
367 1958 438 2009 fieret
452 1959 529 2025 primi
544 1977 588 2026 pes
603 1973 660 2011 tuuc
674 1962 736 2013 udus
753 1960 825 2029 aqud.

279 2031 375 2098 Excipis
390 2034 523 2100 amplexu,
542 2034 672 2101 feliciaque
688 2034 769 2086 oscula
783 2034 886 2101 jungis:

316 2105 428 2166 Oscula,
447 2105 481 2156 Di
498 2108 577 2174 magni
596 2106 685 2159 straus
701 2125 766 2159 mare
782 2108 854 2176 digna
870 2107 931 2174 peti.

278 2178 347 2244 Eque
361 2180 409 2229 tuis
426 2180 521 2231 demtos
535 2176 641 2233 humeris
658 2182 719 2231 mihi
731 2181 805 2231 tradis
821 2182 943 2232 amicius:

315 2252 346 2301 Et
362 2253 480 2304 madidam
498 2255 575 2305 siccas
594 2255 699 2322 aequoris
715 2255 791 2303 imbre
811 2271 914 2305 comam.

219 2335 266 2382 105
280 2324 372 2377 Cetera
388 2344 437 2377 nox
454 2327 479 2377 &
498 2344 563 2385 nos,
584 2328 698 2378 &turris
715 2327 808 2375 conscia
824 2328 915 2384 novit,

314 2398 436 2465 Quodque
455 2399 511 2449 mihi
528 2401 608 2449 lumen
623 2416 667 2463 per
684 2399 745 2447 vada
762 2398 877 2450 monstrat
893 2401 951 2452 iter·

277 2471 330 2520 Nec
347 2473 422 2540 magis
438 2472 501 2521 illius
517 2471 636 2520 numerari
652 2471 737 2535 gaudia
753 2470 850 2528 noeis,

314 2544 504 2609 Hellespontiaci
521 2545 590 2609 quam
606 2541 676 2590 maris
691 2544 744 2608 alga
762 2543 852 2607 potest.

278 2617 336 2682 Quo
354 2616 449 2668 brevius
464 2616 563 2683 spatium
577 2615 648 2664 nobis
663 2614 695 2663 ad
711 2616 776 2665 sum
792 2616 913 2676 dabatur,

218 2699 268 2734 110
314 2691 370 2741 Hoc
388 2690 462 2759 magis
481 2688 515 2739 est
529 2702 645 2748 cautum,
668 2704 699 2737 ne
715 2688 782 2739 soret
798 2690 859 2739 illud
876 2692 953 2742 iners·

276 2763 395 2831 Jamque,
415 2762 527 2832 fugaturd
541 2762 643 2812 Tithoni
659 2761 764 2831 conjuge
781 2763 897 2820 noflem,

314 2836 419 2890 Praevius
433 2838 538 2889 Aurorae
554 2836 653 2888 Lucifer
668 2849 736 2887 ortus
752 2850 814 2886 erar.

278 2906 368 2957 Oscula
381 2912 533 2979 congerimus
545 2923 691 2977 properata,
703 2912 755 2961 sine
766 2909 868 2966 ordine,
880 2909 986 2975 raptim,

314 2981 345 3029 Et
362 2983 484 3046 querimur
498 3002 584 3049 parvas
602 2983 710 3034 noslibus
726 2982 772 3032 effe
787 2997 875 3031 moras.

217 3060 264 3109 1¹5
277 3049 359 3115 Atque
374 3054 409 3102 ita
424 3054 566 3114 cunslacus,
584 3056 680 3105 monitu
695 3056 796 3106 nutricis
809 3069 913 3115 amaro,
968 3057 970 3062 '

313 3124 408 3191 frigida
424 3126 518 3177 deserti
534 3128 689 3181 literatum
705 3139 776 3198 peto·
