2392 3892
264 426 335 517 176
386 423 594 493 Orruit
622 397 868 497 Amorum

177 591 179 595 Α
258 546 283 595 Si
301 545 370 593 Deus
385 542 434 608 ipse
452 541 549 597 forem
568 557 656 591 numen
672 544 724 594 sine
742 546 827 595 fraude
844 548 928 597 liceret

294 616 391 668 Femina
407 612 519 663 mendaci
533 614 630 664 falleret
646 631 689 665 ore
705 635 795 669 meum.

213 690 312 757 451ple
328 705 375 756 ego
392 686 495 754 jurarem
511 702 595 735 verum
609 685 690 751 jurare
707 692 822 755 puellam

294 762 327 811 Et
342 778 391 811 non
406 760 437 810 de
450 757 542 808 tetricis
560 757 654 810 dicerer
669 761 716 812 elle
732 763 813 814 Deus.

258 834 299 885 Tu
315 847 396 884 tamen
411 832 507 882 illorum
522 830 669 883 moderatius
685 846 755 886 utere
771 837 859 890 dono:

294 907 347 958 Aut
363 905 440 958 oeulis
458 900 526 955 certe
541 920 634 969 parre,
652 908 752 973 puella,
770 910 842 961 meis.

289 1013 933 1088 ςμ-ὤξ-ε--τ--τ-

429 1134 680 1198 ΕΒΕΟΙΑ
719 1134 796 1196 lv.

258 1230 466 1353 Duravit,
484 1293 598 1361 imposito
615 1304 707 1345 tenerae
727 1292 823 1344 custode
840 1294 949 1359 puellae,

295 1365 337 1415 Nil
353 1366 404 1434 agis
419 1382 427 1417 a
444 1366 542 1434 ingenio
558 1384 658 1434 quaeque
675 1367 764 1417 tuenda
781 1367 834 1417 luo,

258 1437 284 1489 si
294 1456 339 1505 qua
350 1472 357 1497 ,
372 1452 439 1490 metu
450 1441 547 1499 demto,
557 1438 621 1498 calla
629 1439 677 1498 est,
689 1456 718 1489 ea
729 1440 833 1505 denique
845 1437 907 1487 calla
917 1438 966 1487 est:

297 1510 379 1575 Quae,
397 1513 518 1578 quianon
531 1513 623 1572 liceat,
641 1528 691 1561 non
708 1511 784 1568 facit,
800 1512 842 1559 illa
857 1511 926 1559 facit.

236 1584 295 1647 5Ut
311 1582 358 1648 jam
372 1585 471 1637 servaris
488 1587 551 1637 bene
565 1600 673 1651 eorpus,
690 1584 798 1634 adultera
812 1598 882 1633 mens
898 1583 949 1633 eil:

297 1657 350 1707 Nec
368 1657 497 1719 custodiri,
514 1660 540 1709 ni
556 1658 634 1715 velit,
651 1658 691 1707 illa
707 1656 794 1724 potest.

259 1730 313 1780 Nec
331 1742 436 1780 mentem
451 1731 545 1782 servare
559 1743 649 1797 potes,
665 1731 724 1780 licet
738 1729 818 1780 omnia
833 1728 952 1779 claudas:

297 1802 417 1853 Omnibus
435 1804 557 1861 occlusis,
576 1802 642 1854 intus
658 1804 751 1853 adulter
767 1803 824 1852 erit.

261 1874 307 1923 Cui
322 1891 423 1939 peccare
440 1877 518 1933 licet,
536 1888 624 1942 peccat
640 1877 716 1926 minus
732 1890 740 1925 a
756 1874 805 1941 ipsa
819 1874 927 1940 potestas

219 1962 250 1996 10
296 1942 391 1996 Semina
407 1948 519 2013 nequitiae
535 1949 685 2016 languidiora
700 1948 768 1997 facit.

259 2019 376 2077 Desine,
389 2021 460 2070 crede
478 2021 556 2079 mihi,
575 2020 634 2072 vitia
649 2020 743 2073 irritare
759 2019 888 2072 vetando:

205 2154 208 2159 Ι
297 2091 421 2159 Obsequio
436 2093 519 2144 vincas
535 2091 614 2161 aprilis
630 2095 670 2144 illa
685 2108 739 2145 tuo.
873 2090 877 2095 ’

259 2165 318 2217 Vidi
329 2182 376 2234 ego
387 2184 464 2233 nuper
478 2184 565 2235 equum
576 2201 583 2226 ,
601 2167 687 2219 centra
697 2168 737 2218 sua
747 2165 830 2218 vinela
839 2178 969 2226 tenacem,

298 2238 351 2289 Ore
367 2240 511 2299 relullanti,
527 2240 631 2292 fulminis
649 2242 684 2290 ire
702 2239 786 2291 modo.

212 2325 247 2376 v15
262 2310 392 2371 Constitit,
410 2325 437 2363 ut
454 2311 555 2379 primiim
571 2313 692 2363 concessas
710 2312 783 2363 sensit
796 2312 922 2371 habenas,

297 2384 423 2451 Frenaque
439 2388 464 2436 in
481 2385 552 2437 effusa
565 2389 619 2436 laxa
634 2385 716 2451 jacere
732 2385 798 2450 juba.

261 2458 365 2507 Nitimur
380 2459 405 2507 in
421 2458 524 2509 vetitum
538 2458 648 2524 semper,
667 2458 822 2525 cupimusque
839 2470 949 2527 negata:

298 2530 338 2579 sic
353 2531 483 2582 interdiais
500 2531 606 2582 imminet
620 2546 685 2597 aeger
701 2528 778 2595 aquis.

186 2604 191 2611 “
262 2602 365 2653 Centum
384 2605 465 2655 fronte
482 2604 584 2661 oculo'e,
603 2615 700 2652 centum
718 2601 815 2652 cervice
831 2602 935 2669 gerebat

220 2690 253 2727 20
299 2676 377 2744 Argus
394 2694 402 2729 r
419 2680 444 2729 &
460 2678 505 2727 hos
521 2693 583 2727 unus
597 2674 659 2742 saepe
676 2676 764 2725 fefellit
779 2676 867 2725 Amor.

261 2751 288 2799 ln
305 2751 433 2801 thalamum
447 2749 533 2801 Danae
549 2750 605 2799 saxu
621 2750 738 2816 ferroque
751 2763 884 2815 perennem

298 2821 359 2884 Quae
374 2823 453 2875 fuerat
465 2823 535 2892 virgo
548 2822 653 2882 tradita,
669 2834 747 2873 mater
764 2834 824 2872 erat.

261 2894 383 2962 Penelope
398 2898 503 2955 mansit,
521 2897 628 2963 quamvis
642 2896 740 2947 custode
757 2894 871 2949 carebat,

297 2969 364 3018 lnter
380 2982 418 3019 tot
433 2970 535 3035 juvenes
552 2971 694 3020 intemerata
709 2981 807 3032 procos.
835 2991 840 2997 ·

219 3054 248 3099 25
263 3040 384 3105 Quicquid
398 3041 523 3101 servatur,
544 3042 651 3107 cupimus
666 3038 760 3105 magis3
778 3035 874 3102 ipsaque
891 3035 968 3086 furem

298 3110 362 3163 Cura
377 3118 471 3165 vetat:
487 3116 576 3183 pauci,
594 3111 659 3181 quod
674 3111 731 3163 sinit
744 3110 824 3170 alter,
842 3119 932 3162 aurant.

320 3216 392 3290 ,9,
