2392 3892
200 509 209 526 '
289 507 567 580 Hunorum.
593 507 674 577 Ep.
701 506 775 578 IX.
847 525 894 599 41

146 661 149 666 ,
190 622 254 677 Haec
261 636 343 675 tamen
353 626 473 685 audieram
485 643 492 676 ε
503 626 570 676 licuit
580 643 630 676 non
640 628 740 676 credere
748 628 825 677 famae.

228 698 266 747 En
275 701 342 749 venit
352 700 469 749 adsensus
479 701 557 750 mollis
566 701 596 749 ab
606 717 664 749 aure
674 700 753 749 dolor.
913 716 964 752 120

192 769 259 821 Ante
269 789 336 822 meos
347 774 431 822 oculos
441 773 568 823 adducitur
577 774 670 823 advena
681 775 762 839 pellex
772 789 780 822 ι

228 846 284 893 Nec
293 846 349 894 mihi
359 880 366 903 ,
378 862 429 910 quae
439 845 517 910 patior
527 880 534 905 ‚
545 846 692 908 dissimulare
703 848 770 896 licet.

189 915 249 966 Non
259 919 316 967 sinis
325 920 403 967 averti
415 916 421 965 !
434 919 535 968 mediam
543 920 636 985 captiva
644 936 688 985 per
699 921 785 970 urbem

226 991 313 1039 Invitis
324 991 400 1039 oculis
412 990 546 1055 aspicienda
554 992 631 1043 venit.

187 1061 245 1112 Nec
255 1063 326 1111 venir
334 1062 428 1111 incultis
438 1096 445 1119 ,
456 1076 578 1129 captarum
586 1082 653 1115 more
666 1096 674 1124 ,
685 1066 778 1131 capillis
790 1097 798 1122 ,

229 1136 361 1184 Fortunam
371 1136 451 1186 vultus
459 1136 512 1186 faffa
521 1139 628 1205 regendo
637 1138 701 1189 suos.

186 1207 329 1273 Ingreditur
341 1206 388 1257 late
400 1210 449 1258 lato
460 1210 589 1275 spestabilis
600 1227 677 1262 auro:

227 1280 341 1345 Qualiter
351 1283 375 1330 in
386 1280 490 1349 Phrygia
500 1295 528 1332 tu
539 1301 636 1349 quoque
648 1286 726 1333 cultus
742 1300 805 1335 eras.

143 1385 149 1394 .
186 1354 239 1415 Dat
251 1356 345 1407 vultum
355 1356 447 1419 populo
461 1355 559 1403 sublime
570 1356 612 1403 sub
625 1355 732 1405 Hercule
738 1357 801 1406 viiio
815 1372 823 1408 t

224 1426 359 1477 OEchaiiam
368 1427 427 1475 vivo
439 1426 499 1475 stare
510 1438 612 1491 parente
623 1437 705 1491 putes.
913 1436 961 1486 130

186 1500 300 1552 Forsitan
312 1501 355 1559 δι,
367 1499 435 1565 pulsi
443 1496 551 1548 AEtolide
563 1498 700 1558 Deianiri,

223 1575 331 1623 Nomine
341 1573 453 1638 deposito
468 1572 576 1637 pellicis,
587 1590 650 1623 uxor
662 1573 726 1623 erite

185 1629 369 1715 Elytidosque
379 1646 445 1695 loles
456 1658 547 1712 ,atque
557 1646 631 1695 insani
645 1646 737 1696 Alcidae

222 1721 316 1786 Turpia
327 1720 430 1769 famosus
441 1735 545 1785 corpora
553 1717 640 1788 junget
651 1720 758 1787 Hymen.

187 1792 261 1843 Mens
270 1793 331 1861 fugit
342 1792 481 1849 admonitu,
493 1791 616 1859 frigusque
626 1794 775 1859 perambulat
786 1804 851 1843 artus
861 1825 869 1851 ,
913 1798 942 1851 13
948 1798 960 1848 5

223 1867 255 1916 Et
265 1865 331 1931 jacet
339 1867 364 1916 in
370 1864 463 1933 gremio
472 1866 583 1932 languida
592 1867 653 1916 facia
662 1884 753 1916 manus.

187 1938 232 1989 Me
243 1956 340 2005 quoque
349 1955 403 1989 cum
411 1938 506 2000 multis,
518 1938 558 1992 sed
566 1956 605 1991 me
615 1940 667 1992 sine
678 1941 777 1991 crimine
784 1973 793 2001 ,
801 1939 895 1991 amasti:

223 2012 263 2061 Ne
272 2013 370 2080 pigeat,
382 2030 468 2081 pugnae
476 2012 512 2061 bis
526 2012 569 2063 tibi
581 2015 648 2064 causa
660 2016 703 2066 fni.

188 2084 286 2137 Cornua
296 2085 357 2136 flens
366 2086 425 2153 legit
434 2086 490 2152 ripis
500 2086 623 2138 Acheloias
634 2088 658 2138 in
669 2091 738 2147 udis,
780 2145 784 2152 ¹

223 2159 369 2226 Truncaque
380 2159 580 2225 limositempora
590 2162 673 2212 mersit
681 2162 752 2229 aqui.
912 2169 961 2217 140

189 2231 290 2284 Semivir
300 2234 417 2297 occubuit
426 2233 450 2280 in
458 2232 556 2281 letifero
569 2234 656 2283 Eveno

221 2306 327 2365 Neffue;
342 2305 463 2357 &infecit
475 2302 567 2371 sanguis
579 2305 679 2369 equinus
688 2321 770 2370 aquas.

187 2377 234 2429 sed
245 2380 301 2445 quid
311 2396 359 2447 ego
372 2380 424 2427 haec
435 2375 517 2427 refero
531 2375 541 2425 ?
556 2376 668 2427 scribenti
679 2380 765 2428 nuncia
775 2378 843 2430 venit

221 2452 293 2501 fama
304 2485 312 2510 ‚
323 2453 401 2502 virum
409 2451 498 2500 tunicae
508 2452 561 2499 labe
573 2451 652 2517 perire
664 2468 734 2503 meae.

186 2522 232 2574 Hei
242 2525 301 2574 mihi
312 2524 318 2574 !
335 2526 392 2591 quid
400 2523 466 2574 feci?
477 2522 525 2590 qui>
534 2541 571 2573 me
581 2525 649 2575 furor
658 2526 708 2593 egit
716 2538 837 2585 amantem
847 2523 859 2576 ἓ
910 2540 942 2586 14
946 2540 958 2589 5

220 2599 297 2664 impia
308 2598 365 2664 quid
372 2598 464 2647 dubitas
476 2597 593 2648 Deianira
605 2600 691 2649 mori?

186 2668 223 2719 An
234 2684 292 2720 tuus
303 2670 327 2719 in
336 2671 413 2721 medii
424 2670 513 2737 conjux
525 2672 670 2723 lacerabitur
684 2673 761 2723 OEti?

220 2744 260 2792 Tu
273 2778 281 2801 ,
298 2744 393 2795 sceleris
403 2747 464 2795 tanti
474 2746 542 2794 causa
553 2778 560 2803 ‚
572 2745 687 2811 superstes
700 2745 768 2795 eris?

143 2813 146 2820 '
188 2815 210 2882 §i
219 2817 276 2881 quid
285 2816 364 2866 adhuc
373 2818 451 2867 habeo
462 2818 516 2867 fatti
525 2851 532 2876 ‚
546 2834 588 2867 cur
598 2818 711 2867 Herculis
720 2832 781 2866 uxor

221 2890 334 2948 Credar;
349 2889 526 2957 conjugiirnors
535 2890 685 2955 mihipignus
694 2889 751 2938 erit.
786 2911 789 2916 ⁴
910 2906 960 2954 15⁰

188 2960 225 3011 Tu
237 2979 334 3028 quoque
347 2964 479 3030 cognosces
489 2964 513 3011 in
523 2978 561 3010 me
573 2994 581 3019 ,
592 2961 720 3027 Meleagre
730 2996 738 3021 ,
750 2962 866 3015 sororem.

221 3036 295 3101 impia
306 3035 363 3102 qnid
374 3036 466 3085 dubitas
478 3034 598 3084 Deianira
609 3034 669 3082 mori
680 3032 691 3082 ἓ

189 3104 243 3156 Heu
255 3109 342 3158 devota
354 3109 437 3157 domus
452 3108 458 3157 !
472 3108 531 3157 solio
542 3107 610 3157 sedet
618 3107 706 3173 Agrios
717 3110 785 3161 alto:

143 3225 145 3230 .
222 3179 298 3241 OEnea
311 3182 430 3234 desertum
437 3182 500 3232 nuda
510 3180 604 3233 senecta
612 3181 708 3247 premit.

199 3417 203 3425 ι
