2392 3892
318 469 395 541 244
444 431 934 525 omnuisoms

249 617 251 623 .
318 574 373 623 Nec
389 587 434 621 vos
450 571 572 636 prossituit
586 588 640 620 mea
655 589 724 630 νου
743 573 783 623 sed
799 592 861 623 vana
876 575 960 626 timere

354 645 450 693 Damna
467 655 535 695 vetar
548 661 555 695 z
569 644 662 694 damnis
678 662 775 695 munera
790 648 868 696 vestra
883 664 973 701 carent.

319 719 370 769 Sed
385 735 425 767 me
440 718 575 769 flaminibus
593 709 661 767 uenti
676 717 774 784 majoris
791 720 902 779 iturum,

258 807 309 843 100
355 792 422 841 Dum
438 791 515 841 sumus
532 791 664 857 inportu,
682 793 800 858 provehat
816 811 874 843 aura
890 796 960 847 levis.

315 864 414 915 Ordior
430 882 443 914 a
459 865 535 915 cultu.
555 864 634 915 Cultis
652 866 715 915 bene
731 865 803 916 Liber
820 868 850 916 ab
867 869 920 917 uvis
992 917 998 923 ,

302 935 305 942 ’
356 937 489 996 provenit,
511 938 537 988 ὅ(
555 939 622 987 culto
637 936 680 987 siat
698 928 765 1005 segcs
781 940 829 988 alca
844 940 906 990 soso.
929 942 933 948 '

318 1012 404 1063 Forma
414 1012 464 1061 Dei
481 1028 566 1061 munus
582 1026 589 1061 ε
607 1010 687 1061 sormi
698 1024 771 1077 quota
782 1030 884 1080 quaeque
901 1011 1019 1081 superbit?

331 1126 333 1130 Α
355 1084 410 1134 Pars
427 1083 528 1133 vestrsrm
545 1085 587 1133 tali
604 1100 704 1133 munere
721 1100 806 1151 magna
823 1098 900 1136 caret.

256 1172 307 1221 105
320 1158 383 1210 Cura
401 1157 466 1206 dabit
481 1156 566 1205 faciem
582 1173 589 1207 :
606 1156 680 1205 facies
697 1157 806 1224 neglesia
821 1159 930 1224 peribit5

353 1229 432 1279 idaliae
449 1229 530 1279 similis
547 1229 580 1279 sit
597 1230 656 1280 licet
671 1230 713 1279 isla
728 1230 802 1283 Dcae.

316 1303 428 1369 Corpora
444 1302 465 1353 si
481 1314 578 1353 veteres
594 1318 643 1353 non
658 1304 694 1353 sic
710 1305 809 1353 coluere
826 1306 936 1370 puelle,

352 1378 406 1426 Nec
423 1387 520 1427 veteres
538 1379 616 1427 cultos
633 1377 667 1426 sic
682 1377 787 1426 habuere
804 1378 880 1427 viros.

316 1450 341 1501 Si
358 1450 403 1500 suit
419 1448 588 1499 Andromache
602 1451 695 1499 tunicas
711 1449 795 1499 induta
810 1452 922 1500 valentes
935 1466 945 1508 ;

176 1547 178 1549 ·
256 1536 306 1573 110
352 1522 420 1588 Quid
434 1521 542 1573 mirum?
558 1522 611 1573 duri
628 1523 710 1572 militis
724 1539 785 1572 uxor
799 1535 862 1573 erat.

315 1597 416 1648 Scilicet
430 1594 521 1660 Ajaci,
539 1594 629 1661 conjux
645 1608 747 1653 oruata,
765 1596 880 1653 venires,

352 1669 399 1719 Cui
413 1668 520 1735 tegimen
538 1669 628 1734 septem
642 1681 711 1737 terga
728 1669 797 1719 suere
814 1665 912 1719 boum?

316 1742 460 1807 Simplicitas
476 1741 540 1791 rudis
555 1754 611 1792 aute
626 1742 672 1791 suit
687 1758 695 1792 ε
712 1758 775 1791 nunc
790 1759 863 1792 aurea
877 1742 955 1791 Roma

351 1815 456 1865 Edomiti
472 1832 569 1881 magnas
586 1816 694 1879 possidet
711 1815 776 1864 orbis
792 1831 862 1880 opes.

255 1900 283 1935 ιι
290 1899 303 1948 5
315 1887 421 1953 Aspice,
434 1904 486 1952 quae
497 1887 624 1937 nunc‘sunt
636 1888 754 1952 Capitolia
766 1921 773 1944 ,
792 1904 894 1954 quaeque
905 1888 1000 1939 suerunt
1013 1900 1020 1938 τ

321 2017 323 2019 ,
350 1960 457 2010 Alterius
476 1958 540 2008 dicas
558 1960 599 2007 illa
615 1959 682 2009 fuisse
700 1958 779 2010 Jovis.

315 2033 406 2093 Curia,
423 2032 528 2087 concilio
545 2048 597 2097 quae
615 2050 677 2082 nunc
694 2032 831 2101 dignissima
846 2045 917 2083 tanto
935 2033 987 2093 esi,

351 2106 392 2157 De
407 2106 509 2171 uipusa,
525 2104 600 2155 Tatio
617 2124 692 2175 regna
708 2119 828 2163 tenente,
846 2106 900 2155 suit.

316 2180 379 2245 Quae
396 2197 459 2231 nunc
476 2179 516 2232 sub
531 2178 623 2230 Phoebo
640 2180 789 2247 ducibusque
803 2177 893 2229 Palatia
908 2179 1021 2247 fulgent,

254 2264 306 2304 120
354 2253 437 2318 Quid,
453 2253 499 2303 nisi
515 2252 618 2304 araturis
634 2253 720 2318 pascua
735 2254 831 2310 bobus,
849 2250 941 2302 etant?

315 2326 394 2377 Prisca
408 2325 493 2392 juvent
508 2326 589 2376 alios:
605 2326 651 2393 ego
668 2342 706 2374 me
721 2342 785 2376 nunc
800 2324 906 2390 denique
922 2338 1003 2375 natur·

353 2398 470 2449 Gratulor
487 2414 494 2448 :
512 2398 563 2447 h‘aec
579 2413 637 2448 aetas
652 2399 760 2448 moribus
774 2410 829 2464 apta
844 2399 913 2448 meis.

313 2473 371 2521 Non
385 2472 440 2537 quia
454 2487 516 2519 nunc
531 2482 602 2518 terrae
619 2472 710 2519 lentum
725 2470 863 2521 subducitur
877 2488 979 2530 aurum,

350 2544 469 2609 Lesiaque
487 2542 581 2591 diverso
597 2542 670 2598 litore
689 2543 782 2591 concha
798 2543 875 2591 venit.

253 2633 302 2684 125
314 2619 368 2670 Ncc
386 2617 440 2684 quia
455 2614 596 2665 decrescunt
612 2613 694 2664 effosso
709 2630 826 2665 marmore
842 2627 959 2666 montes:

351 2693 404 2742 Nec
420 2690 475 2759 quia
493 2690 602 2738 caeruieae
617 2690 681 2738 mole
698 2688 811 2756 sugantur
827 2704 904 2755 aquae.

313 2765 362 2815 Sed
378 2766 433 2831 quia
449 2764 525 2815 cultus
540 2761 604 2814 adest
613 2780 622 2821 ;
639 2779 685 2811 nec
699 2762 791 2815 nostros
805 2762 891 2813 mansit
906 2761 931 2809 in
945 2776 1020 2811 annos

304 2829 306 2834 ⁴
351 2838 495 2895 Rusticitas,
515 2836 596 2902 priscis
614 2836 655 2885 illa
671 2836 787 2901 superstes
803 2835 863 2884 avis.

311 2911 366 2962 Vos
384 2927 480 2977 quoquc
499 2927 548 2959 non
567 2910 629 2958 caris
646 2926 720 2959 aures
733 2920 832 2959 onerate
848 2903 954 2968 lapillis,

252 2996 302 3047 130
351 2983 420 3045 Quos
437 2983 494 3051 legit
510 2983 535 3030 in
553 2983 624 3032 viridi
642 2983 742 3031 decolor
758 2980 830 3029 ludus
846 2977 916 3041 aqui.

311 3055 366 3105 Nec
382 3058 477 3119 prodire
493 3072 578 3121 graves
597 3056 676 3105 insuto
692 3052 793 3101 vestibus
809 3064 887 3099 auro:

345 3126 392 3181 Per
410 3146 466 3196 quas
484 3143 528 3179 nos
542 3128 645 3194 petitis,
662 3126 723 3189 saepe
739 3123 846 3191 sugatis,
865 3139 935 3188 opes.
