2392 3892
261 459 314 531 44
364 440 873 510 P.Or‘11)11NAsorvrs

262 557 293 605 Et
303 569 344 605 tua
355 591 362 614 ,
378 560 423 622 qut
434 558 541 623 polium,
554 576 598 625 pro
612 572 652 617 te,
663 560 759 627 vestigia
769 573 843 628 tango
854 578 864 619 ς

299 630 427 696 Strataque
439 664 447 689 ,
465 649 518 697 quae
530 633 641 681 membris
652 633 779 698 intepuere
787 636 845 684 tuis.

218 718 249 769 55
262 703 378 754 incumbo
391 737 398 762 ,
410 704 569 771 lacrymisque
579 719 635 755 toro
646 719 759 755 manante
770 707 892 771 profusis,
908 747 912 752 .

299 776 431 827 Pressimus
441 810 449 835 ,
460 779 568 827 exclamo
579 813 586 836 ,
599 791 625 827 te
643 778 708 828 duo:
721 779 795 827 redde
806 780 876 829 duos.

262 849 381 903 Venimus
389 851 437 899 huc
445 852 530 908 ambo,
541 866 584 901 cur
593 869 642 900 non
653 852 791 901 discedimus
801 855 873 901 ambo
884 850 897 900 ‚³

300 921 394 973 Perside
405 957 411 981 ,
423 940 477 989 pars
488 924 574 983 nostri,
587 925 691 983 lectule,
704 923 780 988 major
789 926 830 974 ubi
839 925 872 973 est
883 922 895 972 i

265 995 331 1061 Quid
341 997 427 1045 faciam
437 994 447 1045 i
457 995 508 1061 qud
519 997 567 1045 sola
577 997 660 1047 ferar?
670 1010 740 1046 vacat
751 998 824 1047 insula
833 1000 910 1047 cultu.

219 1076 254 1129 60
301 1070 358 1118 Non
368 1069 489 1117 hominum
499 1069 571 1118 video
582 1104 592 1127 ,
604 1086 654 1117 non
663 1086 712 1135 ego
721 1070 780 1118 fatu
791 1072 875 1119 boum.

265 1141 346 1191 Omne
356 1142 418 1189 latus
427 1152 499 1189 terrae
510 1142 584 1207 cingit
594 1157 659 1189 mare
671 1158 680 1198 ;
695 1141 775 1190 navita
787 1143 901 1209 nusquam
910 1158 921 1193 τ

300 1214 372 1262 Nulla
382 1228 425 1277 per
434 1214 554 1279 ambiguas
564 1214 649 1278 puppis
660 1213 721 1262 itura
730 1214 791 1264 vias.

263 1286 282 1336 F
283 1286 338 1353 inge
349 1285 399 1335 dari
410 1286 558 1352 comitesque
568 1287 642 1346 mihi,
653 1299 806 1352 ventosque,
818 1300 959 1355 ratemques

301 1358 366 1422 Quid
378 1357 481 1425 sequar?
494 1360 599 1411 accessus
610 1375 674 1410 terra
685 1372 784 1426 paterna
793 1372 877 1429 negat·

217 1430 250 1495 65
264 1432 300 1482 Ut
309 1445 362 1482 rate
373 1432 439 1482 felici
447 1447 532 1499 pacata
541 1450 586 1499 per
594 1450 691 1499 aequora
700 1435 783 1491 labar,

301 1505 434 1571 Temperet
446 1519 472 1554 ut
481 1518 568 1556 ventos
581 1503 686 1563 AEolus3
697 1505 763 1554 exsul
774 1523 830 1557 ero.

264 1579 322 1628 Non
333 1594 380 1645 ego
389 1592 432 1637 te,
446 1578 540 1637 Crete,
553 1592 649 1629 centum
659 1578 746 1644 digesta
759 1596 801 1645 per
811 1581 883 1629 urbes
893 1610 902 1639 ,

301 1651 421 1716 Aspiciam
433 1686 440 1709 ,
452 1669 529 1716 puero
542 1653 638 1719 cognita
652 1665 716 1701 terra
727 1652 793 1702 lovi.

264 1724 327 1773 Nam
337 1736 406 1788 pater
417 1757 424 1781 ‚
439 1725 464 1774 ὅ(
475 1725 615 1791 tellusjullo
624 1737 724 1791 regnata
734 1724 827 1789 parenti
839 1757 848 1784 ,

218 1813 254 1863 70
301 1796 398 1847 Prodita
410 1796 462 1847 sunt
471 1797 549 1855 fallo,
561 1798 657 1847 nomina
666 1814 720 1846 cara
730 1830 737 1855 ,
748 1814 813 1847 meo.

265 1867 327 1920 Cium
337 1869 398 1928 tibi,
410 1886 441 1919 ne
450 1870 527 1919 vilior
537 1871 601 1920 tetlo
611 1886 734 1919 morerere
744 1871 865 1930 recurv'o,

301 1941 364 2005 Quae
374 1954 489 2008 regerent
496 1942 573 2007 paffus
585 1977 592 2001 ,
605 1960 650 2009 pro
660 1944 722 1991 duce
732 1942 771 1992 fila
781 1944 846 1993 dedi.

263 2012 328 2065 Crim
339 2014 396 2063 mihi
405 2015 517 2073 dicebas,
529 2014 577 2064 Per
588 2031 637 2083 ego
648 2015 696 2080 ipsa
705 2016 812 2080 pericula
819 2015 893 2081 juro,

300 2088 339 2139 Te
348 2088 401 2139 fore
413 2122 420 2148 ,
433 2088 489 2141 dum
496 2087 600 2143 nolltitm
608 2089 676 2140 vivet
685 2101 803 2155 uterque,
815 2107 902 2139 meam.

217 2176 251 2228 75
263 2160 392 2221 inmus‚
406 2163 432 2215 δι
441 2179 490 2214 non
502 2163 567 2223 sum,
583 2164 681 2215 Theseu
692 2198 703 2223 ,
713 2160 772 2213 tua!
784 2163 806 2212 si
815 2161 888 2213 modi)
899 2161 959 2213 vivit

294 2237 413 2296 femina,
425 2237 517 2304 perjuri
531 2239 614 2288 fraude
625 2239 716 2303 sepulta
729 2236 783 2286 viri.
943 2245 948 2249 '

233 2299 245 2304 '⁵
264 2308 309 2358 Me
320 2326 433 2375 quoque,
441 2312 487 2375 quir
496 2312 594 2360 fratrem
604 2345 612 2370 ,
622 2309 757 2368 madlulles,
768 2310 887 2373 improbe,
898 2306 972 2363 clavim

302 2380 379 2439 Esset,
392 2398 462 2447 quam
474 2383 573 2432 dederas
583 2417 590 2440 ,
600 2396 679 2432 morte
693 2383 769 2431 soluta
779 2380 849 2432 fides.

264 2454 337 2503 Nunc
351 2470 398 2520 ego
408 2470 456 2503 non
466 2452 573 2512 tantum,
584 2470 638 2519 quae
649 2454 698 2503 sum
706 2453 797 2518 pollura
808 2488 815 2512 ,
827 2455 944 2505 recordor
955 2467 964 2510 ;

219 2525 253 2578 80
302 2526 351 2575 Sed
361 2542 516 2592 quecumque
527 2526 605 2592 potest
615 2527 662 2575 ulla
671 2526 752 2575 relicta
761 2528 820 2591 pati.

267 2599 494 2652 Occurruntanimo
507 2600 624 2664 pereundi
632 2600 697 2647 mille
706 2596 788 2665 ligurae
798 2615 806 2648 ε

303 2674 421 2739 Morsque
433 2672 508 2722 minus
520 2689 613 2739 poenae,
624 2675 694 2739 quim
704 2689 770 2721 mora
779 2672 881 2731 mortis,
892 2674 974 2725 hahet·

267 2746 319 2799 Jam
329 2746 375 2811 jam
386 2759 501 2798 venturos
512 2758 554 2795 aut
562 2747 608 2796 hac
620 2780 627 2805 ,
643 2758 685 2797 aut
694 2745 797 2813 suspicor
812 2747 885 2806 illoc,

304 2819 355 2882 Qui
365 2819 535 2870 lanientavido
549 2806 640 2871 viscera
649 2821 738 2879 dente,
752 2822 831 2885 lupos.

220 2890 252 2954 85
267 2892 411 2958 Forsitan&
422 2896 501 2943 fulvos
511 2896 582 2943 tellus
594 2894 689 2943 alatilia
701 2895 796 2943 leones.

304 2963 366 3026 Quis
378 2965 433 3021 scit,
450 2984 479 3015 an
487 2967 540 3015 haec
551 2967 623 3016 saevas
632 2966 728 3033 tigridas
740 2966 813 3014 insula
822 2962 917 3015 habet?

267 3035 298 3085 Et
307 3037 368 3085 freta
378 3037 489 3087 dicuntur
498 3055 594 3105 magnas
605 3040 727 3101 expellere
742 3040 831 3101 phocas
841 3054 848 3087 ι

305 3106 371 3171 Quid
381 3121 448 3159 vetat
459 3110 483 3166 tr
495 3111 586 3178 gladios
597 3142 606 3169 ,
618 3111 733 3176 perlatus
743 3110 779 3161 ire
789 3111 895 3161 meum?
