2392 3892
262 442 334 512 186
384 411 870 511 OVrurrArrouurr

257 562 313 625 Qud
324 560 398 619 licet,
408 558 505 609 affeslas
517 560 604 608 coelum
615 575 721 625 quoque.
730 559 834 624 Templa
841 558 969 623 Quirinus,

294 632 387 693 Liber,
404 632 431 683 &
445 631 563 688 Alcides,
581 630 607 681 &
622 629 695 682 modb
712 630 812 690 Caesar,
831 635 932 684 habent.

257 700 368 757 Eruimus
384 704 451 756 terri
466 704 565 755 solidum
581 721 627 769 pro
641 704 747 772 frugibus
763 721 870 756 aurum:

296 777 407 829 Possidet
423 778 532 828 inventes
549 776 661 844 sanguine
677 777 744 827 miles
762 794 833 843 opes.

217 866 248 914 55
261 852 333 901 Curia
350 852 493 919 pauperibus
509 850 586 900 clausa
602 849 635 899 est
649 865 657 901 τ
671 850 712 899 dat
728 850 812 900 census
827 851 948 903 honores·

297 925 356 975 Inde
374 923 452 993 gravis
466 921 560 990 judex3
578 922 634 972 inde
650 922 746 973 severus
763 939 850 988 eques.

262 998 350 1048 Omnia
367 996 529 1064 possideant:
548 995 594 1045 illis
611 996 762 1061 Campusque
778 997 918 1063 forumque

307 1071 401 1119 Serviat
418 1086 425 1121 ι
443 1070 467 1117 hi
484 1085 568 1134 pacem
585 1069 706 1134 crudaque
723 1069 785 1117 bella
802 1083 900 1136 gerant.

261 1143 367 1192 Tantum
383 1158 414 1191 ne
431 1140 523 1190 nollros
540 1140 604 1190 avidi
619 1141 757 1206 praedentur
772 1158 892 1201 amores3
972 1193 975 1199 ,

218 1214 252 1263 60
299 1214 329 1263 Et
346 1213 401 1264 satis
418 1212 452 1262 est
469 1228 477 1262 τ
496 1212 586 1279 aliquid
601 1213 713 1280 pauperis
729 1211 775 1263 esse
790 1214 883 1265 sinant.

262 1286 296 1336 At
311 1304 394 1345 nunc,
413 1297 525 1351 exaequet
539 1285 640 1337 tetricas
655 1286 714 1337 licet
728 1285 769 1335 illa
784 1286 906 1346 Sabinas,

299 1361 405 1426 Imperat
420 1371 447 1408 ut
464 1372 560 1425 captat,
580 1358 621 1425 qui
639 1359 696 1408 dare
712 1360 786 1409 multa
801 1358 891 1427 potest.

263 1434 308 1484 Me
323 1433 437 1498 probibet
453 1431 530 1482 cusios
546 1447 554 1485 t
570 1434 595 1481 in
611 1448 650 1482 me
663 1431 733 1481 timet
746 1432 788 1481 illa
804 1433 928 1484 maritum.

301 1507 325 1557 Si
341 1504 467 1562 dederim,
489 1503 541 1555 toti
559 1504 631 1555 cedet
647 1512 751 1571 uterque
766 1506 852 1554 domo.

221 1574 291 1639 650
309 1579 315 1628 !
332 1579 353 1629 si
369 1578 472 1646 neglesii
490 1578 617 1644 quisquam
626 1577 697 1627 Deus
713 1576 779 1626 ultor
795 1577 922 1636 amantis;

233 1663 236 1668 ·
301 1652 363 1702 Tam
379 1651 440 1700 male
459 1651 571 1717 quaesitas
586 1651 687 1720 pulvere
700 1660 779 1700 mutet
794 1650 876 1717 opes!

297 1758 944 1831 u==··----·-u,”⁰h=====›

437 1878 693 1944 ELEGIA
732 1876 807 1939 IX.

266 1970 352 2087 M
361 2048 489 2088 emuntur
501 2038 522 2090 si
531 2050 624 2095 mater,
641 2048 718 2087 mater
728 2033 834 2101 ploravit
845 2032 976 2092 Achillen,

305 2109 451 2178 Et‘tangunt
466 2128 562 2180 magnas
577 2110 651 2161 tristia
665 2112 714 2161 fata
731 2110 821 2166 Dees3

268 2180 365 2233 Flebilis
381 2184 511 2251 indignos,
529 2183 650 2252 Elegeia,
668 2184 734 2234 solve
753 2182 863 2248 capillos.

305 2256 343 2304 Ah
361 2256 368 2307 l
385 2258 455 2307 nimis
472 2275 502 2307 ex
520 2274 580 2308 vero
598 2274 662 2308 nunc
679 2256 724 2307 tibi
737 2272 824 2306 nornen
840 2252 908 2303 erit!

244 2328 312 2389 5llle
329 2330 365 2378 tui
380 2343 448 2381 vates
463 2332 563 2396 operis,
580 2342 623 2379 tua
639 2332 719 2387 fama,
736 2328 867 2384 Tibullus,

305 2401 383 2451 Ardet
398 2404 423 2453 in
439 2403 556 2453 exstruslo
575 2419 663 2469 corpus
682 2403 751 2451 inane
767 2415 840 2466 rogo.

269 2472 353 2533 Ecce,
369 2493 432 2541 puer
445 2476 550 2529 Veneris
565 2476 613 2524 sert
630 2472 784 2537 eversamque
801 2473 959 2538 pharetram,

305 2546 336 2595 Et
353 2548 441 2600 fratros
459 2564 547 2603 arcus,
569 2547 596 2597 ἃ
611 2546 665 2597 sine
680 2546 735 2595 luce
752 2545 842 2596 facem.

269 2619 375 2683 Aspice,
393 2622 501 2672 demissis
517 2632 544 2671 ut
559 2631 600 2669 eat
615 2618 753 2669 miserabilis
769 2618 834 2676 alis;

227 2704 258 2740 10
306 2691 453 2763 Pesloraque
468 2692 552 2745 infesti
565 2693 652 2744 tundat
668 2700 751 2760 aperte
767 2709 847 2741 manu.

269 2764 398 2832 Excipiunt
416 2768 489 2836 sparsi
504 2769 623 2835 lacrymas
637 2784 684 2833 per
701 2767 764 2817 colla
782 2764 881 2830 capilli,

306 2838 425 2909 Oraque,
444 2842 549 2911 singultu
566 2840 741 2900 concutiente,
759 2840 853 2889 sonant.

270 2911 359 2964 Fratris
377 2915 401 2964 in
416 2914 503 2966 AEneae
522 2915 556 2966 sic
575 2917 642 2965 illum
658 2916 743 2965 sunere
761 2910 845 2960 dicunt

306 2986 430 3054 Egressum
445 2988 535 3047 tertis,
552 2990 654 3055 pulcher
670 2986 742 3040 lure,
760 2982 819 3031 tuis.

230 3069 258 3117 15
271 3058 324 3107 Nec
342 3058 418 3111 minius
435 3058 468 3109 ell
487 3062 585 3111 confusa
600 3062 706 3115 Venus,
724 3053 843 3104 moriente
859 3052 981 3114 Tibullo,

307 3128 388 3194 Qudm
400 3132 484 3199 juveni
499 3132 564 3197 rupit
581 3130 635 3183 clun
649 3131 714 3181 serus
729 3128 819 3198 inguen
833 3143 904 3198 aper.
