2392 3892
259 453 366 543 „208
421 454 628 527 Ovinrr
654 439 905 530 Nasonis

291 575 365 625 Casus
379 574 404 624 in
422 589 512 627 eventu
529 575 562 625 est
577 593 584 626 ε
601 576 658 626 licet
672 577 725 626 lraec
741 578 866 647 indulgeat
880 580 943 633 ausis
954 589 967 638 .’

229 648 280 713 380
326 648 461 698 Consilium
476 662 558 699 tamen
574 650 608 699 est
620 649 748 700 abstinuisse
763 668 852 702 meum.

290 722 348 772 Non
363 738 411 789 ego
427 739 471 787 per
486 738 594 788 praeceps
611 722 637 771 δι
652 735 722 772 acuta
738 728 860 774 cacumina
875 728 983 779 vadam:

326 795 381 844 Nec
397 794 511 860 juvenum
527 797 669 860 quisquam,
686 811 724 845 me
740 797 820 853 duce,
837 813 922 863 captus
941 804 1000 850 erit.

290 867 315 917 Si
327 880 411 917 tamen
425 868 465 918 illa
480 867 542 926 tibi,
563 869 618 917 dum
635 868 675 917 dat
691 869 824 935 recipitque
840 872 964 932 tabellas,

329 940 459 1007 Corpore,
479 958 529 990 non
544 939 636 990 tanttim
652 940 797 997 sedulitate,
816 943 919 1007 placet;

225 1012 279 1077 385
291 1014 339 1063 Fac
357 1013 452 1064 domini
467 1014 560 1079 potiare
578 1014 660 1079 prius,
678 1030 760 1063 comes
776 1014 816 1062 illa
833 1015 956 1080 sequatur.

327 1087 387 1135 Non
399 1087 443 1136 tibi
459 1088 488 1135 ab
504 1086 590 1135 ancilla
608 1085 641 1133 est
658 1086 793 1150 incipienda
810 1088 907 1138 Venus.

288 1158 345 1209 Hoc
360 1175 431 1208 unum
447 1173 553 1215 moneo,
573 1155 584 1220 (
598 1158 619 1206 si
632 1158 689 1223 quid
702 1157 775 1207 modi>
790 1160 899 1209 creditur
913 1162 980 1219 arti,

324 1231 378 1279 Nec
393 1246 447 1280 mea
462 1229 523 1279 diua
536 1247 611 1295 rapax
625 1248 669 1297 per
685 1247 749 1279 mate
765 1243 853 1279 ventus
869 1234 941 1297 agit:
957 1236 969 1300 )

256 1343 263 1352 t
287 1302 339 1353 Aut
351 1320 401 1353 non
414 1304 537 1361 tentaris,
554 1315 596 1353 aut
612 1302 702 1369 perfice
717 1318 724 1353 ε
740 1304 833 1352 tollitur
848 1304 943 1364 index,

227 1387 278 1439 390
325 1374 386 1426 cum
403 1376 475 1427 semel
490 1377 515 1425 in
530 1388 623 1442 partem
638 1375 740 1426 criminis
756 1375 804 1441 ipsa
820 1378 898 1430 venit.

288 1450 346 1499 Non
362 1450 412 1500 avis
428 1450 520 1499 utiliter
534 1449 629 1499 viscatis
643 1448 726 1515 effugit
742 1449 806 1498 alis:

324 1524 381 1572 Non
397 1524 459 1573 bene
477 1524 508 1572 de
521 1523 580 1572 laxis
597 1523 702 1572 cassibus
718 1521 768 1571 erit
781 1537 851 1586 aper.

288 1595 388 1645 Saucius
405 1606 503 1661 arrepto
519 1596 589 1660 piscis
605 1607 716 1645 teneatur
733 1596 762 1643 ab
778 1594 859 1644 hamo.

290 1688 293 1693 ·
325 1667 447 1734 Perprime
464 1679 581 1718 tentatam
596 1682 605 1718 a
619 1684 685 1726 nec,
701 1666 745 1716 nisi
759 1668 855 1725 vislur,
871 1666 918 1717 abi.

226 1739 352 1802 395Tum
369 1756 448 1807 neque
463 1752 489 1791 te
503 1741 591 1807 prodet
607 1740 727 1791 communi
743 1740 847 1790 obnoxia
863 1742 961 1807 culpae:

181 1816 183 1821 “
323 1813 341 1861 F
343 1812 440 1879 asiaque
457 1828 529 1864 erunt
542 1813 646 1864 domina)
663 1813 772 1877 dietaque
785 1824 843 1861 nota
858 1813 913 1865 tibi.

286 1884 334 1934 Sed
350 1887 413 1935 bene
428 1888 522 1934 celetur
537 1902 544 1935 ε
559 1888 622 1934 bene
636 1886 657 1934 si
673 1885 790 1934 celabitur
805 1884 899 1945 index,

223 1949 228 1956 ¹
322 1956 421 2006 Notitia‘r
437 1958 526 2007 suberit
540 1958 633 2022 semper
648 1958 723 2005 amica
738 1968 797 2005 tuae.

285 2028 409 2094 Tempora
425 2030 465 2096 qui
480 2029 535 2079 solis
553 2029 655 2097 operosa
671 2030 806 2079 colentibus
823 2045 900 2090 arva,

223 2116 277 2161 400
322 2103 441 2162 Fallitur,
457 2103 485 2155 δι
497 2104 575 2154 nautis
591 2103 744 2169 aspicienda,
761 2114 839 2169 putat.

286 2176 341 2226 Nec
357 2176 450 2243 semper
467 2172 593 2227 credenda
607 2176 684 2227 Ceres
701 2176 823 2226 fallacibus
839 2175 922 2229 arvis:

323 2251 377 2299 Nec
394 2250 487 2317 semper
499 2249 569 2299 viridi
583 2267 691 2300 concava
704 2249 791 2315 puppis
808 2265 887 2313 aquae.
916 2293 918 2296 .
950 2310 953 2316 Α

286 2322 342 2372 Nec
355 2334 452 2373 teneras
467 2322 560 2387 semper
576 2335 654 2371 turum
670 2333 766 2386 captate
781 2322 896 2385 puellas:

322 2395 391 2460 Saepe
407 2395 465 2443 dato
478 2392 564 2444 melitis
580 2407 692 2460 tempore
708 2392 752 2442 siet
765 2392 839 2441 idern.

223 2479 275 2528 405
287 2465 342 2516 Sive
360 2467 411 2516 dies
428 2467 505 2515 aderit
520 2467 626 2523 natalis;
644 2466 696 2515 sive
713 2464 849 2536 Kalendae,

322 2537 389 2601 Quas
406 2539 530 2593 Venerem
547 2538 623 2588 Marti
640 2534 785 2587 continuasse
801 2534 891 2601 juvat:

287 2611 344 2663 Sive
360 2610 408 2662 erit
424 2623 541 2669 ornatus,
558 2627 608 2660 non
620 2623 648 2660 ut
664 2610 708 2660 suit
723 2620 799 2667 ante,
817 2609 921 2675 sigilli53

273 2698 277 2703 ·
321 2685 369 2735 Sed
382 2701 465 2753 regum
481 2684 572 2751 positas
587 2683 673 2734 Circus
689 2681 788 2732 habebit
805 2698 864 2748 opes
878 2699 887 2740 ;

285 2758 365 2809 Differ
374 2776 436 2825 opus
446 2774 455 2810 t
466 2771 524 2809 tunc
535 2757 605 2809 tristis
615 2758 707 2816 hiems,
718 2770 777 2806 tunc
787 2754 881 2805 Pliades
892 2753 996 2807 instant:

223 2845 276 2892 410
322 2832 393 2882 Tunc
407 2846 477 2883 tenet
491 2831 605 2898 aequorei
619 2833 735 2899 mergitur
748 2828 843 2879 Hoedus
859 2827 928 2892 aqui.

285 2904 356 2953 Tunc
373 2906 435 2955 bene
453 2906 569 2957 desinitur
580 2922 587 2954 ε
597 2918 676 2963 tunc,
693 2906 713 2954 si
729 2902 781 2968 quis
797 2900 902 2950 creditur
919 2901 994 2973 alto,

320 2977 371 3026 Vix
386 2979 464 3028 tenuit
480 2980 567 3028 lacerae
583 2980 697 3043 naufraga
712 2974 816 3024 membra
832 2971 900 3023 ratis.

285 3048 325 3098 Tu
342 3048 400 3100 licet
415 3050 531 3116 incipias,
550 3050 597 3117 qul
612 3050 698 3099 llebilis
712 3046 775 3095 Allia
792 3044 846 3092 luce

322 3120 469 3174 Vulneribus
484 3123 557 3175 Latiis
574 3120 754 3190 sanguinolenta
769 3114 834 3168 luit:
