2392 3892
309 454 384 526 2¹4
438 435 644 503 Orsum
669 434 920 506 Nasonis

246 572 295 625 595
307 555 331 605 Si
347 570 397 602 vox
414 551 466 610 est,
485 564 575 602 canta:
591 553 611 601 si
625 553 706 601 mollia
721 554 816 602 brachia
831 587 838 611 ,
856 555 934 606 salta:

342 626 391 684 Et,
410 642 559 691 quacumque
574 637 645 691 potes
662 626 721 675 dote
736 628 855 691 placere,
873 631 957 695 place.

305 700 417 753 Ebrietas
431 710 460 747 ut
474 715 533 749 vera
549 710 642 756 nocet,
660 698 695 748 sic
712 697 764 747 fitia
780 698 885 765 juvabit.

343 773 391 823 Fac
407 771 495 821 titubet
512 772 585 821 blaeso
602 771 701 820 subdola
716 772 796 839 lingua
813 772 894 826 sono:

305 848 361 904 Ut,
381 845 493 911 quicquid
509 846 583 894 facies
598 845 697 894 dicesve
711 843 848 909 protervids
864 864 956 915 aequo,

244 922 297 975 600
343 919 464 968 Credatur
479 918 576 967 nimium
591 917 659 967 causa
677 917 747 967 fuitie‘
760 933 862 968 merum.

305 993 351 1051 Et,
360 992 442 1050 Bene,
450 991 503 1047 dic,
514 991 617 1041 dominae
625 1008 634 1049 ;
643 990 724 1050 Bene,
733 1008 787 1040 cum
795 1008 844 1058 quo
854 992 959 1043 dormiat
966 993 1016 1046 illa:

342 1066 392 1115 Sed
407 1066 469 1113 male
485 1065 517 1114 sit
531 1064 604 1113 taciti
620 1055 701 1113 mente
716 1080 817 1129 precare
834 1065 898 1117 viro.

290 1138 359 1197 Μ,
376 1155 430 1187 cum
444 1136 551 1187 discedet
567 1137 650 1186 mensi
666 1138 769 1187 conviva
785 1138 900 1196 remot53

343 1209 417 1275 (lpsa
433 1210 477 1258 tibi
493 1209 599 1259 acceffus
613 1211 684 1260 turba
698 1212 827 1275 locumque
843 1210 929 1262 dabit:
942 1212 955 1279 )

244 1287 294 1350 605
305 1283 387 1335 Insere
404 1294 429 1332 te
443 1284 520 1333 turbae
536 1299 543 1332 ι
560 1283 696 1349 leviterque
712 1283 821 1334 admotus
838 1285 924 1343 eunti,

340 1357 415 1406 Velle
431 1356 494 1405 latus
511 1356 590 1423 digitis
603 1373 611 1414 3
634 1356 737 1421 &pede
752 1368 824 1423 tange
840 1357 939 1422 pedem.

306 1427 440 1495 Colloquio
456 1428 505 1493 jam
521 1441 617 1494 tempus
633 1428 698 1477 adest
712 1445 719 1480 z
733 1429 810 1496 iuge,
825 1429 910 1479 rustice
926 1428 1000 1497 longe

341 1503 405 1552 Hinc
414 1501 493 1568 pudor
501 1517 508 1552 t
517 1503 646 1552 audentem
657 1502 765 1567 Forsque
776 1504 911 1569 Venusque
922 1504 1015 1570 juvant.

304 1575 362 1625 Non
377 1588 419 1624 tua
436 1575 476 1624 sub
495 1574 584 1625 nostras
600 1574 682 1625 veniat
697 1574 807 1624 facundia
823 1577 901 1642 leges.

242 1650 294 1701 610
342 1648 391 1697 Fac
406 1645 499 1697 tantdm
514 1648 631 1713 incipias,
648 1648 733 1713 sponte
750 1647 851 1698 disertus
867 1648 925 1699 eris.

303 1720 342 1772 Est
352 1720 396 1770 tibi
406 1721 513 1787 agendus
523 1737 605 1769 amans
616 1753 624 1778 ,
642 1720 803 1787 imitandaque
813 1723 915 1772 vulnera
925 1720 1014 1771 verbis.

339 1793 404 1844 Hinc
420 1793 463 1843 tibi
479 1807 599 1859 quaeratur
616 1794 722 1859 qualibet
737 1806 790 1843 arte
806 1792 878 1844 fides.
946 1838 949 1844 ,

272 1903 277 1914 t
302 1868 357 1917 Nec
373 1866 440 1915 credi
455 1866 524 1914 labor
541 1866 574 1915 est
589 1883 596 1915 z
613 1866 659 1914 sibi
676 1882 776 1931 quaeque
792 1866 889 1915 videtur
904 1867 1015 1918 amanda.

324 1938 443 1988 ·Pessima
457 1938 505 1995 sit,
521 1939 580 1987 nulli
596 1954 646 1985 non
663 1938 703 1986 sua
719 1939 795 1988 forma
812 1940 906 2004 placet.

240 2012 291 2078 615
303 2011 373 2079 Saepe
389 2022 469 2060 tamen
485 2009 545 2060 vete
561 2011 636 2075 coepit
652 2010 777 2061 simulator
794 2028 894 2063 amare:

339 2086 429 2150 Saepe,
446 2083 511 2149 quod
528 2084 645 2149 incipiens
660 2082 763 2134 finxerat
780 2084 847 2143 ess'e,
866 2085 922 2136 fuit.
957 2104 959 2108 ’

302 2157 361 2222 Quo
378 2157 452 2226 magis
468 2156 485 2207 ὃ
502 2156 509 2207 l
527 2157 612 2208 faciles
628 2157 774 2207 imitantibus
789 2158 856 2218 este,
874 2159 974 2226 puellae·

339 2230 393 2282 Fiet
409 2247 477 2281 amor
491 2246 582 2290 verus,
600 2232 641 2297 qui
657 2229 730 2281 modi>
747 2231 817 2281 falsus
832 2244 893 2281 erat.

300 2302 426 2356 Blanditiis
443 2303 545 2353 animum
562 2304 645 2354 furtim
661 2304 812 2368 deprendere
828 2320 891 2353 nunc
908 2301 963 2355 sit:
1012 2311 1014 2315 '

239 2376 293 2428 620
338 2377 375 2428 Ut
389 2376 498 2442 pendens
513 2375 605 2442 liquida
620 2376 672 2441 ripa
689 2375 778 2424 subitur
795 2375 865 2441 aqui.

301 2451 356 2500 Nec
373 2450 477 2507 ficiem,
494 2464 541 2497 nec
556 2460 582 2497 te
596 2449 678 2514 pigeat
691 2448 789 2496 laudare
805 2448 904 2513 capillos
916 2466 927 2507 3

337 2520 369 2570 Et
385 2531 478 2596 tegetes
494 2520 601 2587 digitos,
619 2519 779 2585 exiguumque
795 2521 893 2586 pedem.

300 2590 432 2645 Deleiiant
446 2592 519 2642 etiam
536 2592 610 2642 castas
624 2592 745 2658 praeconia
761 2593 854 2644 formae.

336 2665 477 2734 Virginibus
493 2681 557 2721 cutae
574 2680 689 2733 grataque
705 2667 782 2716 forma
799 2668 839 2717 sua
857 2665 901 2716 eii.
1008 2665 1011 2670 ’

238 2740 290 2804 625
301 2740 364 2791 Nam
380 2744 424 2791 citt
437 2740 463 2790 in
477 2738 586 2807 Phrygiis
600 2740 721 2792 lunonem
739 2738 874 2790 &Pallada
889 2738 956 2789 silvis

336 2815 409 2864 Nunc
425 2830 522 2880 quoque
539 2813 654 2880 judicium
669 2830 719 2864 non
733 2814 833 2864 tenuisse
847 2812 923 2880 pudet
935 2810 948 2862 i

300 2884 421 2945 Laudatas
437 2886 540 2937 ostentat
556 2889 607 2938 avis
624 2886 729 2938 Junonia
744 2901 854 2953 pennast

337 2958 363 3007 Si
378 2957 466 3007 tacitus
480 2959 592 3025 speeies,
609 2960 650 3009 illa
666 2960 777 3010 recondit
793 2973 862 3024 opes.

300 3027 497 3095 Quadrupedes,
516 3032 580 3082 inter
594 3032 671 3098 rapidi
687 3030 816 3081 certamina
833 3030 935 3089 cursus,

237 3099 291 3171 630
336 3101 496 3171 Depexeque
510 3104 594 3175 jube,
613 3103 740 3171 plausaque
755 3103 838 3159 colla,
856 3101 952 3171 juvant.

229 3184 245 3223 κ
618 3189 620 3195 .
