2392 3892
308 424 384 520 306
411 423 479 491 An
507 417 679 491 errrr‘r
705 422 958 492 Auourrrrr

309 547 367 597 Heu
380 544 386 594 l
400 559 442 610 par
455 542 515 593 illud
526 542 567 591 ubi
582 540 634 599 est,
650 542 753 591 totidem
762 543 893 594 virtutibus
910 544 1019 611 aequuml
1032 548 1036 553 ’

345 618 377 668 Et
395 633 499 666 concors
516 617 613 682 pietas,
630 631 676 664 nec
694 616 815 665 dubitatur
833 618 927 668 amor?
1026 645 1033 652 ·

267 694 297 755 85
310 692 443 747 Vidimus,
463 690 591 740 attonitum
609 688 714 738 fraterni
730 701 829 747 morte,
849 691 977 758 Neronem

347 764 459 831 Squalida
477 761 590 829 promissi
606 762 664 811 flere
680 778 724 829 per
743 779 785 811 ora
801 762 891 821 comi,

288 849 292 854 ’
310 838 509 902 Dissimilemque
525 835 578 893 sui,
592 837 663 885 vultu
679 834 810 902 profitente
829 836 953 892 dolorem.

348 910 398 961 Hei
414 910 470 959 mihi
488 909 495 959 !
513 911 581 975 quim
597 921 653 959 toto
670 909 746 958 lullus
761 910 786 983 in
801 924 846 959 ore
862 910 934 960 fuit?

311 983 352 1035 Tu
368 998 450 1034 tamen
465 995 577 1033 extremo
593 982 735 1032 moriturum
749 994 862 1047 tempore
878 984 979 1035 fratrem

267 1072 302 1123 90
350 1057 457 1108 Vidisti:
474 1058 592 1122 lacrymas
607 1055 668 1104 vidit
685 1050 711 1105 bt
727 1056 768 1105 ille
786 1068 850 1105 tuas.

313 1129 434 1198 Affigique
451 1130 496 1179 suis
513 1128 617 1177 moriens
634 1140 674 1176 tua
691 1129 789 1192 pellora
805 1128 900 1189 sensit,

330 1227 335 1237 ·
348 1203 380 1251 Et
396 1203 474 1251 renuit
489 1203 559 1250 vultu
576 1201 664 1250 lumina
679 1199 726 1249 fixa
741 1214 807 1252 tuo:

313 1274 431 1332 Lumina,
450 1273 553 1325 caerulel
571 1272 732 1340 jamjamque
749 1274 856 1324 natantia
873 1290 975 1336 morte,

350 1347 467 1406 Lumina,
485 1347 603 1397 fraternas
617 1346 664 1411 jam
682 1348 785 1398 subitura
800 1365 895 1399 manus.

171 1440 173 1444 ·
270 1433 303 1487 95
315 1420 351 1474 At
365 1421 497 1471 miseranda
513 1437 600 1487 parens
616 1421 723 1486 suprema
739 1437 820 1486 neque
835 1422 917 1472 oscula
933 1421 1004 1481 fixit,

352 1495 448 1562 Frigida
463 1511 510 1543 nec
526 1494 588 1550 fovit
605 1496 710 1543 membra
725 1506 847 1544 tremente
864 1496 927 1545 sinu.

314 1568 373 1618 Non
390 1567 491 1617 animam
506 1567 619 1633 apposito
634 1567 766 1635 fugientem
782 1568 881 1633 excepit
897 1570 987 1627 hiatu3

351 1642 406 1691 Nec
422 1641 495 1691 traxit
513 1640 585 1689 caesas
601 1657 645 1705 per
661 1652 702 1690 tua
719 1642 824 1690 membra
842 1657 934 1692 comas.

315 1712 410 1781 Raptus
424 1730 451 1765 es
466 1713 575 1771 absenti,
590 1713 646 1764 dum
660 1725 686 1763 te
701 1714 752 1763 fera
767 1714 831 1763 bella
844 1726 991 1774 morantur,
1057 1739 1059 1742 ·

257 1800 306 1834 roo
352 1787 444 1840 Utilior
458 1788 561 1853 patrie,
579 1790 649 1853 quam
664 1787 726 1843 tibi,
743 1786 844 1844 Druse,
861 1800 921 1838 tuae.

315 1860 428 1925 Liquitur
440 1876 447 1909 r
460 1872 487 1909 ut
502 1860 641 1925 quondam,
660 1858 779 1925 Zephyris
795 1860 821 1908 &
836 1861 927 1912 solibus
941 1860 1008 1918 ittae,

352 1931 485 1981 Solvuntur
499 1943 610 1988 tenerae,
629 1947 688 1979 vere
703 1943 823 1997 tepente,
841 1933 921 1985 nives.

315 2004 355 2056 Te
372 2004 499 2071 queritur,
517 2003 632 2068 casusque
649 2005 743 2063 malos,
761 2004 875 2071 irrisaque
889 2008 972 2066 tales,
983 2008 994 2028 ⁸

352 2076 507 2143 Accusatque
524 2092 619 2135 annos,
636 2088 664 2128 ut
680 2077 810 2135 diuturna,
830 2078 895 2132 suos.

257 2162 305 2212 105
317 2148 385 2212 Talis
400 2151 424 2199 in
440 2150 580 2208 umbrosis,
597 2150 660 2199 mitis
678 2167 741 2200 nunc
759 2151 882 2216 denique,
899 2149 969 2205 silvis

218 2222 221 2227 ’
352 2224 439 2273 Deflet
454 2222 597 2278 Threicium
614 2223 715 2273 Daulias
732 2224 782 2273 ales
798 2224 875 2291 ltyn:
946 2254 949 2260 ·

317 2295 473 2365 Halcyonum
488 2298 550 2346 tales
566 2296 666 2345 ventosa
683 2313 727 2362 per
742 2312 839 2361 aequora
856 2296 955 2363 questus

355 2368 395 2419 nd
412 2370 493 2419 surdas
509 2369 577 2419 tenui
593 2386 656 2418 voce
672 2369 786 2419 sonantur
799 2386 883 2434 aquas.

317 2442 359 2491 Sic
375 2443 482 2505 plumosa
498 2443 567 2491 novis
583 2443 725 2509 plangentes
739 2441 837 2507 pellora
852 2442 942 2509 pennis
982 2481 987 2485 -

258 2524 308 2561 110
354 2514 457 2563 (Euiden
474 2512 556 2562 subitae
574 2514 725 2562 concinuistis
743 2530 811 2562 aves.

303 2586 358 2652 ‘sic
370 2586 439 2637 llevit
452 2584 571 2653 Clymene
588 2600 596 2637 t
613 2587 647 2637 sic
664 2586 688 2637 δι
705 2584 900 2653 Clymeneides,
917 2587 970 2642 alte

355 2658 416 2709 Clun
431 2658 526 2725 juvenis
541 2659 626 2726 patriis
643 2660 734 2711 excidit
749 2658 808 2710 illus
824 2660 902 2727 equis.

319 2732 439 2801 Congelat
451 2732 573 2795 interdum
589 2735 724 2803 lacrymas,
742 2733 877 2800 duratque,
893 2746 1029 2803 tenetque.

340 2806 531 2883 'Suspensasque
548 2809 634 2858 oculus
651 2808 738 2858 fortior
754 2808 818 2857 intus
835 2807 893 2876 agit.

258 2887 268 2922 1
278 2888 305 2938 15
319 2877 468 2946 Erumpunt,
478 2881 614 2948 iterumque
624 2892 723 2948 gravant
731 2882 895 2949 gremiumque
904 2881 1030 2948 sinusque,

355 2951 440 3003 Effusae
457 2954 560 3020 gravidis
575 2956 737 3021 uberibusque
753 2955 830 3021 genis.

318 3022 345 3072 ln
362 3026 426 3077 vires
442 3028 500 3076 abiit
516 3023 590 3077 flendi
605 3046 672 3079 mora
687 3046 694 3079 r
711 3028 805 3094 plenior
820 3027 885 3077 unda

353 3096 466 3158 Debuit,
486 3100 573 3168 exigui
589 3102 672 3169 siqua
689 3112 784 3151 retenta
798 3100 877 3152 mori.
