2392 3892
315 433 490 501 Parus
529 432 757 518 OEuoua.
833 454 909 528 327

193 548 311 612 flevisti,
327 549 443 606 memini,
460 560 541 598 tamen
556 548 602 597 hac
617 548 642 597 in
656 565 719 598 voce
735 553 862 604 canentis:

232 624 282 681 Et,
301 621 385 680 Mala,
405 620 500 682 dixisti,
520 621 567 671 sint
585 637 675 688 precor
690 621 730 671 ista
748 627 842 690 procul.
917 615 952 692 ’ὀ

193 698 250 747 Nec
268 696 301 745 sic
320 695 368 744 fata
384 695 483 753 ferant,
502 695 603 743 tulerint
619 695 654 743 sic
674 709 755 745 cetera
772 697 898 764 quamvis.

233 769 269 818 Ut
286 770 375 834 possim
391 767 486 817 (Inone
503 767 606 833 perdere
622 768 675 817 laesa
693 767 775 818 Parin.

143 885 150 896 .
193 841 249 891 Tot
263 841 375 906 superare
393 853 471 889 metus
489 840 529 904 qui
546 856 603 898 me,
623 858 669 890 nec
686 841 786 891 credere
802 842 889 911 cogit,

234 910 390 980 (Ignoscas)
403 913 466 962 idem
482 924 508 961 te
526 929 623 978 quoque
639 913 700 962 fallit
716 913 801 965 Amor.

193 987 302 1052 Imperat
318 986 359 1034 ille
374 986 461 1041 Deis:
478 982 532 1035 clim
549 988 621 1044 vult,
639 986 664 1035 io
681 1001 772 1036 cornua
787 989 869 1049 tauri,
917 1001 950 1055 35

232 1056 295 1108 Ciam
312 1058 385 1115 vult,
402 1059 426 1107 in
442 1074 533 1122 pennas
549 1057 649 1107 destruit
662 1057 703 1108 ille
718 1058 817 1111 lovem.

193 1133 255 1184 Non
271 1130 337 1180 foret
351 1130 375 1179 in
391 1132 462 1181 terris
477 1143 546 1180 tanto
562 1131 668 1180 miranda
683 1131 773 1183 decore

235 1203 377 1272 Tyndaris3
395 1203 445 1253 heu
462 1201 469 1252 !
485 1202 586 1253 flammis
602 1216 657 1253 nata
674 1207 755 1272 puella
769 1206 828 1258 meis
839 1239 858 1268 ,-

192 1276 221 1328 Si
238 1277 278 1326 sua
292 1293 341 1326 non
356 1292 434 1343 cycno
449 1274 560 1325 mutallet
573 1275 685 1341 luppiter
701 1294 754 1328 ora.

234 1349 349 1399 fluxerat
366 1348 390 1397 in
405 1348 503 1399 Danais
519 1364 606 1398 aureus
621 1362 678 1397 ante
693 1350 779 1400 sinus:
916 1364 954 1412 4ο

194 1421 372 1487 Piniferaroque
388 1421 449 1470 Iden
467 1420 538 1470 falsus
556 1421 782 1480 lustraveratalest

234 1494 301 1544 lnter
318 1496 460 1560 Agenoreas
476 1492 664 1559 constiteratque
678 1495 765 1545 boves.

195 1566 323 1620 Vilioreru
337 1566 441 1616 Alciden
458 1565 562 1616 dominae
579 1566 631 1630 quis
647 1565 719 1631 pensa
735 1580 821 1618 tenere

237 1636 381 1689 Crederet?
402 1652 426 1689 at
443 1639 507 1688 lanas
524 1653 584 1687 nere
602 1638 684 1705 coegit
700 1639 786 1691 llmot.

195 1711 296 1765 Dicitur
314 1712 338 1762 dt
355 1710 414 1761 Coae
430 1710 511 1761 sedilie
529 1710 553 1759 in
569 1709 635 1759 veste
651 1713 757 1777 puelle:
918 1726 952 1775 45

236 1785 280 1834 llla
298 1782 417 1832 Cleonaeo
434 1782 497 1831 tedia
513 1784 585 1832 leone
603 1782 658 1832 fuit.

197 1857 238 1908 Te
251 1855 346 1905 memini
358 1854 474 1904 Phoebum
487 1888 494 1914 ,
507 1854 602 1904 OEnone
614 1889 622 1913 ‚
635 1853 646 1917 (
657 1871 710 1905 mea
721 1854 820 1906 crimina
830 1856 909 1926 dico)

236 1928 346 1996 Fugilse,
371 1927 504 1978 &nostros
520 1926 672 1994 preposuille
690 1941 768 1979 toros.

198 2004 257 2053 Non
275 2017 322 2069 ego
339 2000 475 2065 praestabam
489 2000 582 2050 Phoebo
600 2015 607 2049 :
623 2000 663 2050 sed
678 2003 728 2051 tela
744 2001 842 2068 Cupido

237 2074 282 2123 His
299 2074 324 2122 in
339 2085 364 2121 te
380 2073 458 2121 voluit
473 2072 566 2138 legibus
583 2070 619 2119 ire
637 2072 686 2121 sua.
920 2088 954 2137 ,ο

199 2146 335 2199 Consolare
349 2157 430 2195 tamen
447 2143 517 2211 dignis
533 2156 575 2193 tua
589 2143 679 2208 pellice
697 2141 799 2195 damna:

239 2219 319 2284 Quam
336 2218 379 2267 tibi
395 2218 558 2283 praetulimus,
577 2227 633 2264 nata
651 2217 732 2282 puella
748 2215 812 2267 Jove
829 2216 873 2268 est.

199 2292 250 2344 Sed
262 2292 327 2358 quod
337 2303 391 2341 nata
402 2290 466 2343 Jov'e
477 2288 510 2338 est
522 2322 529 2348 ,
551 2285 672 2339 minimiun
682 2305 719 2337 me
730 2288 807 2356 tangit
818 2290 841 2339 in
852 2290 912 2343 illa:

237 2363 314 2428 Quod
329 2381 379 2414 non
393 2362 428 2413 eli
441 2361 516 2412 facies
532 2361 657 2427 pulchrior
673 2362 741 2420 ulla,
757 2374 842 2414 nocet.

159 2491 162 2500 ,
192 2436 285 2503 :Atque
301 2437 390 2487 utinam
407 2437 489 2485 sormae
505 2432 580 2499 judex
597 2434 723 2483 incallidus
740 2432 811 2483 ollem
921 2450 935 2501 5
940 2450 953 2501 5

240 2509 355 2560 Creditus
371 2509 460 2566 Idaeis,
478 2506 564 2574 Pegasi
580 2507 708 2574 Nympha,
726 2504 809 2574 jugis!

200 2582 262 2633 Non
278 2582 334 2631 mihi
348 2582 468 2640 lunonis,
486 2596 532 2630 nec
549 2579 641 2629 ohellet
659 2578 768 2629 Pallados
785 2580 839 2639 ira,

241 2653 346 2704 Laudata
361 2654 394 2703 est
412 2655 487 2704 oculis
502 2652 568 2718 quod
585 2651 709 2718 Cytherea
724 2652 794 2701 meis.

203 2726 301 2778 Dividit
317 2728 368 2775 haec
382 2727 432 2775 aliis
447 2726 551 2775 flammas
569 2726 711 2790 celeresque
726 2739 865 2792 paresquet

241 2798 278 2850 Ut
292 2800 384 2848 libitum
400 2798 452 2856 est,
469 2797 519 2848 nati
533 2810 653 2863 temperat
667 2798 715 2863 ipsa
731 2797 808 2849 laces.
920 2795 956 2848 60

205 2872 264 2923 Non
279 2884 359 2922 tamen
375 2872 464 2920 evaluit
479 2871 556 2921 vitare
574 2869 701 2920 domestica
717 2870 776 2919 tela.

246 2946 317 3009 Quos
335 2944 385 2993 aliis
402 2960 489 3001 arcus,
508 2944 534 2994 dt
550 2943 596 2993 sibi
612 2944 690 3001 dura,
707 2942 781 2992 tulit:

197 3017 356 3082 ,Deprenlam
372 3016 469 3081 Coniux
485 3016 550 3064 illam
563 3016 588 3065 ln
605 3016 719 3065 Mavorte
734 3015 851 3067 dolebatt

245 3089 356 3143 Tellibus
370 3091 408 3143 laic
422 3089 495 3145 Divis
512 3105 566 3140 curo
580 3087 644 3141 Jove
659 3088 753 3157 questus
770 3098 831 3139 erat.

957 3283 1064 3411 r
