2392 3892
269 482 342 537 110
389 462 430 530 P.
458 460 646 529 Orrrm
672 462 894 530 NAsorrrs

263 585 350 652 Engo,
366 595 393 633 te
408 595 526 649 propter,
540 580 616 631 toties
630 580 724 630 incerta
737 580 842 638 salutis,

301 656 453 708 Commentis
466 670 549 721 poems
564 655 645 721 doque
659 653 763 721 dedique
776 654 825 701 tuis
837 651 850 703 ἓ

264 723 859 790 Haecnollcfornae‚te12udamre.supeh2

301 799 560 870 Contingimmerccs?
578 801 606 851 dt
620 799 733 867 putuisse
747 799 848 848 nocet?

221 885 235 939 3
241 888 254 937 5
266 875 291 926 Si
306 876 350 926 tibi
364 875 497 933 deformis,
513 873 580 941 quod
594 876 708 931 mallem,
726 871 777 922 visa
790 871 905 933 huffen,

303 948 433 1015 Culpatum
446 947 512 997 nulli
528 963 616 1012 corpus
631 959 717 1014 egeret
729 961 788 1012 ope.
989 1008 991 1012 ι

266 1022 339 1073 Nunc
355 1021 449 1071 laudata
464 1036 537 1087 gemo
552 1035 562 1068 .·
576 1036 642 1069 nunc
657 1035 696 1068 me
710 1017 843 1068 mirre
856 1016 935 1069 restro

304 1094 429 1151 Proditis,
444 1092 470 1142 δι
484 1092 585 1157 proprio
596 1093 715 1142 vulneror
726 1091 777 1158 ipsa
792 1092 869 1142 bono.

266 1168 333 1218 Dum
346 1182 425 1232 neque
441 1175 470 1213 tu
484 1164 572 1221 cedis,
588 1180 635 1215 nec
648 1164 673 1215 se
687 1174 758 1230 putat
770 1163 812 1215 ille
824 1163 971 1221 sennodum

223 1251 258 1296 40
302 1240 343 1288 Tu
357 1238 424 1288 votis
440 1236 518 1287 obstas
534 1237 617 1296 illius,
635 1236 677 1287 ille
693 1237 753 1287 tuis.

266 1309 340 1377 Ipsa,
356 1312 426 1363 velut
441 1310 528 1369 naris,
546 1309 645 1377 jrllor3
662 1328 733 1378 qiam
747 1322 830 1361 cermr
846 1309 873 1360 in
886 1310 958 1359 alcun

305 1384 421 1452 Propellit
436 1386 547 1443 Boreas,
563 1382 633 1435 estur
647 1385 675 1435 dt
689 1384 753 1433 unda
765 1384 855 1434 refert.

270 1457 382 1526 Cumque
398 1458 449 1509 dier
463 1457 525 1508 caris
540 1469 624 1523 operta
640 1454 779 1523 parentibus
793 1455 884 1515 instat,

305 1533 452 1583 lmmodicur
466 1531 557 1596 pariter
569 1530 679 1596 corporis
694 1529 767 1580 ardor
780 1527 850 1580 inest.

224 1610 257 1660 45
269 1605 318 1663 Et,
336 1605 395 1655 milri
411 1603 518 1670 conjugii
532 1614 628 1669 tempus
642 1602 746 1653 tnrdelis
762 1601 906 1668 adipsum,

306 1677 459 1743 Persephone
475 1676 565 1726 nostras
582 1675 661 1743 pulsa't
675 1677 763 1725 acerba
776 1674 853 1725 fores.

269 1748 284 1799 J
287 1766 323 1797 am
334 1750 425 1815 pudet:
435 1751 461 1801 δι
470 1749 562 1809 timeo,
571 1749 680 1816 quamvis
691 1748 748 1799 mihi
758 1748 854 1797 conscia
864 1764 915 1799 non
924 1746 975 1803 sim,

306 1822 420 1873 Offensos
435 1822 520 1872 ridear
536 1838 568 1871 ne
582 1821 694 1872 memisse
709 1822 792 1873 Deos.
900 1824 902 1828 ’

269 1893 389 1945 Accidere
403 1896 452 1945 hoc
466 1894 552 1959 aliquis
567 1894 624 1943 casu
637 1895 765 1945 contendit
781 1910 790 1945 ε
806 1892 831 1943 ὃ(
848 1895 913 1943 alter

227 1971 239 2019 5
244 1973 260 2007 0
308 1966 444 2031 Acceptum
459 1966 558 2031 Superis
572 1966 638 2016 hunc
653 1980 729 2035 neget
743 1966 791 2018 effe
804 1967 892 2018 virum.

269 2039 341 2100 Neve
356 2039 415 2089 nihil
430 2038 514 2089 credas
530 2038 556 2087 in
570 2050 596 2089 te
610 2056 709 2108 quoque
724 2042 807 2091 dicere
821 2040 927 2099 famem,

307 2111 378 2164 rana
392 2110 517 2163 veneficiis
531 2128 586 2179 pars
601 2125 672 2179 putat
687 2113 729 2163 ista
744 2114 804 2165 tuis.

270 2184 348 2236 Causa
361 2188 423 2237 latet
435 2202 444 2238 c
457 2186 518 2236 mala
532 2185 613 2237 nostra
626 2198 721 2255 patent.
733 2186 789 2237 Vos
803 2200 866 2253 prce
878 2182 979 2235 movetis

307 2259 398 2326 Aspera
414 2259 522 2310 submoti
534 2260 621 2327 proclia
636 2278 644 2312 c
659 2260 753 2327 plener
770 2274 829 2326 ego.

227 2334 240 2383 5
247 2336 258 2382 5
270 2332 359 2382 Dicam
373 2349 457 2392 nunc,
474 2333 593 2401 solitoque
607 2333 652 2383 tibi
666 2349 706 2382 me
720 2332 806 2396 decipe
820 2347 911 2383 morer

307 2403 373 2467 Quid
387 2405 463 2455 facies
478 2406 556 2464 odio,
572 2405 608 2456 sic
622 2405 663 2455 ubi
677 2420 759 2455 amore
774 2402 874 2452 noces?

270 2475 295 2524 Sl
311 2476 378 2526 laedis
393 2478 459 2542 quod
473 2495 557 2537 amas,
572 2478 663 2528 hostem
677 2477 797 2542 sapienter
811 2476 922 2529 amabirt

307 2548 351 2597 Mc
368 2565 476 2613 precor,
493 2563 520 2601 ut
533 2552 633 2609 server,
650 2549 753 2616 perdere
767 2549 833 2600 velle
849 2550 925 2602 velis·

204 2657 208 2662 .
270 2618 321 2672 Aut
334 2622 377 2673 ribi
391 2621 439 2689 jam
453 2625 519 2674 nulla
534 2622 568 2673 est
584 2624 684 2690 sperata
699 2639 758 2673 cura
774 2623 884 2689 puellae,

226 2685 261 2738 60
307 2693 386 2759 Quam
400 2696 466 2747 ferus
480 2695 577 2763 indigni
591 2697 647 2746 tabe
662 2695 743 2762 perire
757 2696 815 2748 sinis
829 2712 838 2747 c

271 2764 322 2817 Aut
336 2768 392 2818 Dea
406 2772 427 2819 ri
442 2770 526 2820 frustra
538 2785 584 2834 pro
596 2786 636 2820 me
650 2770 694 2820 tibi
709 2770 771 2821 saera
783 2783 904 2838 rogatur,

308 2838 373 2902 Quid
387 2843 445 2894 mihi
464 2856 489 2894 te
505 2841 601 2910 jacias?
617 2844 693 2911 gratia
707 2847 774 2895 nulla
787 2858 829 2894 tua
845 2841 889 2892 est.

270 2911 339 2979 Elige
356 2914 413 2979 quid
428 2914 504 2981 fingas
521 2932 528 2966 r
544 2933 593 2965 non
609 2917 647 2968 vis
662 2919 760 2983 placare
776 2916 878 2965 Dianam
891 2931 900 2972 ;

308 2984 435 3035 Immemor
451 3003 478 3036 er
493 2988 565 3038 nostri
581 3004 589 3039 r
602 3006 653 3038 non
667 3002 739 3055 potes
752 3004 759 3044 3
777 2989 817 3035 illa
832 2988 868 3034 tui
884 2986 928 3036 cst.

225 3055 241 3108 6
245 3072 256 3121 ς
268 3056 318 3110 Vel
329 3072 455 3123 numquam
470 3059 566 3109 mallem
578 3094 586 3118 ‚
603 3063 643 3111 vel
652 3076 701 3108 non
711 3059 768 3108 mihi
778 3073 890 3125 tempore
902 3062 928 3110 in
938 3059 986 3110 illo

306 3125 372 3180 Effer
386 3129 414 3179 in
426 3125 517 3198 AEgeir
534 3133 632 3202 cognite
644 3132 726 3185 Delos
738 3132 818 3202 aquis.
