2392 3892
280 464 355 540 300
406 441 619 512 Orrorr
645 442 899 515 Nisours

278 564 304 614 Si
318 560 360 612 frat
375 562 456 628 rapti,
472 560 514 612 fiat
528 561 637 611 mensura
650 561 745 619 relidi,

218 651 269 687 100
301 635 441 707 ¹Maiorem
456 633 544 685 domini
559 647 643 700 parte,
660 636 757 693 viator,
774 633 862 685 habes.
931 681 935 693 ,

278 709 350 773 Saepe
365 708 469 775 aliquis,
482 708 546 757 foliis
563 721 591 758 ut
606 708 669 757 nuda
686 708 810 757 cacumina
824 706 908 768 vidit,

316 780 370 831 Effe
384 792 453 846 putat
469 780 554 831 Boreae
568 781 633 830 triste
647 781 748 830 furentis
763 798 834 846 opus.

280 853 385 907 AEstibus
400 855 457 913 hic,
472 854 513 903 bic
526 870 565 902 me
579 854 703 919 spoliatam
718 854 809 919 frigore
825 853 922 904 credit:

316 927 356 976 Est
370 944 484 994 quoque,
499 928 539 992 qui
554 926 646 975 crimen
660 927 781 993 grandinis
796 926 844 976 eise
858 939 941 993 putet.

221 1015 270 1065 105
283 999 317 1050 At
332 1001 388 1048 mihi
402 1016 448 1049 nec
464 1000 574 1067 grando,
591 1000 656 1049 duris
671 1000 746 1048 invisa
760 998 876 1058 colonis,

318 1074 373 1122 Nec
388 1084 476 1122 ventus
491 1073 586 1130 fraudi,
607 1072 673 1121 solve
689 1074 777 1139 geluve
793 1072 850 1121 fuir.
890 1120 892 1123 ,

282 1146 382 1197 Frufius
397 1143 481 1194 obest:
494 1143 611 1209 peperisse
622 1158 697 1194 nocet
710 1161 718 1195 ε
729 1157 805 1193 nocet
816 1143 862 1194 esse
879 1144 997 1197 feracem.

320 1217 431 1283 Quaeque
445 1216 490 1265 fuit
503 1218 601 1275 multis,
619 1218 644 1267 δι
659 1217 716 1266 mihi
729 1217 812 1282 praeda
826 1219 890 1266 malo
907 1217 950 1267 est.

284 1289 366 1341 Praeda
379 1290 461 1347 malo,
475 1287 616 1357 Polydore‚
631 1290 676 1339 fuit
690 1290 733 1340 tibi
749 1307 756 1340 :
774 1290 854 1356 praeda
867 1290 984 1343 nefandae

222 1376 273 1413 110
322 1362 442 1431 (Ionjugis
456 1361 560 1412 Aonium
571 1363 636 1413 misit
651 1364 675 1413 in
688 1381 751 1422 arma
761 1363 851 1416 virum.

282 1436 395 1502 Hesperii
409 1436 474 1504 regis
490 1436 597 1502 pomaria
612 1447 665 1486 tuta
678 1436 793 1495 fuiffent5

319 1510 375 1560 Una
390 1510 431 1559 sed
445 1510 568 1561 immensas
583 1510 656 1559 arbor
670 1510 774 1559 habebat
787 1524 858 1575 opes.

283 1582 319 1633 At
333 1584 421 1641 rubus,
437 1582 462 1632 δι
478 1583 559 1633 sentes
570 1582 736 1632 tantummodo
747 1583 838 1633 laedere
851 1594 935 1643 natae‚
960 1602 964 1607 ·

320 1655 443 1722 Spinaque
457 1655 559 1705 vindicta
574 1668 657 1705 cetera
670 1668 723 1705 tuta
737 1655 778 1705 suit
790 1655 834 1707 est.

224 1742 273 1793 115
286 1726 331 1777 Me
342 1761 349 1786 ‚
362 1730 417 1794 quia
427 1745 474 1778 nec
483 1745 563 1779 noceo
573 1762 581 1787 ,
593 1746 639 1778 nec
651 1728 752 1779 obuncis
762 1728 957 1781 vindicorharnis
967 1745 983 1787 ς,

320 1801 389 1851 Missa
404 1814 490 1868 petunt
504 1801 574 1851 avidi
588 1803 642 1852 saxa
656 1814 771 1868 proterva
786 1819 868 1852 manu.

285 1875 353 1939 Quid
369 1872 381 1923 i
396 1876 416 1924 si
429 1892 479 1924 non
493 1888 561 1939 aptas
576 1874 650 1923 solem
664 1874 810 1940 fugientibus
825 1876 922 1926 umbras
932 1908 947 1935 ,r

322 1946 431 1995 Finditur
444 1947 523 1996 Icario
540 1944 593 1995 crim
608 1962 667 1994 cane
680 1957 764 2004 terra,
780 1946 863 1996 darem
876 1947 887 1995 i

287 2018 355 2083 Quid
368 2017 378 2067 ἓ
391 2018 439 2068 nisi
450 2017 574 2085 suffugium
589 2019 681 2069 nimbos
694 2018 825 2069 vitantibus
841 2020 913 2070 effem
924 2038 935 2080 3

225 2109 275 2146 120
320 2094 378 2143 Non
393 2091 529 2159 exspeftati
544 2090 600 2142 crim
613 2092 681 2143 venit
694 2091 770 2142 imber
783 2092 845 2159 aqui
856 2091 872 2142 ἓ·

285 2165 373 2217 Omnia
388 2164 442 2215 crim
456 2166 553 2224 faciam,
576 2164 630 2225 edm
644 2166 751 2231 praefiem
764 2165 845 2215 sedula
859 2165 957 2219 constit:

322 2237 456 2297 Officium,
474 2240 534 2290 saxis
550 2237 656 2288 officiosa
670 2253 752 2304 petor.

284 2312 346 2363 Haec
360 2312 417 2362 mihi
431 2311 559 2378 perpessae,
572 2312 661 2361 domini
677 2312 789 2378 patienda
801 2314 901 2379 querela
915 2312 961 2366 est·

322 2386 398 2435 Causa
413 2386 524 2445 habeor,
540 2402 614 2450 quare
628 2386 659 2437 sit
672 2386 793 2452 iapidofus
808 2402 877 2453 ager.

225 2472 257 2508 12
263 2472 274 2522 5
287 2457 401 2524 Dumque
411 2472 526 2525 repurgat
533 2458 629 2507 humum
638 2491 645 2516 ‚
655 2459 804 2524 collefiaque
813 2459 867 2508 saxa
877 2456 979 2509 remittit
984 2474 997 2518 ,⁸

322 2531 421 2596 Semper
436 2532 526 2580 habent
539 2529 564 2577 in
578 2546 616 2578 me
631 2532 681 2579 tel'a
693 2544 776 2596 parata
790 2532 845 2581 viae.

285 2603 351 2671 Ergo
365 2603 437 2653 invisa
452 2602 521 2663 aliis,
536 2602 583 2651 uni
592 2603 650 2655 mihi
663 2603 753 2671 frigora
767 2604 887 2670 prosunt=

322 2678 369 2727 Illo
384 2694 422 2727 me
438 2688 514 2727 tutam
531 2689 643 2742 tempore
656 2677 750 2743 praefiat
763 2678 849 2729 hiems.

286 2750 358 2800 Nuda
367 2752 461 2817 quidem
475 2761 532 2800 tunc
543 2751 594 2799 sum
606 2768 615 2809 3
631 2752 717 2800 nudam
728 2763 810 2801 tamen
819 2749 920 2816 expedit
930 2750 997 2802 esset

227 2836 277 2887 230
325 2824 379 2873 Nec
393 2824 493 2890 spolium
507 2825 537 2874 de
549 2841 607 2883 me,
623 2824 688 2890 quod
702 2836 786 2891 petat,
802 2824 874 2874 hofiis
885 2825 972 2878 habet·

286 2895 321 2944 At
335 2896 408 2958 simul·
419 2897 536 2948 induimus
551 2898 634 2948 nostris
649 2899 688 2947 sua
702 2914 801 2948 munera
814 2897 906 2954 ramis;

324 2969 386 3019 Saxa
401 2987 479 3021 novos
494 2970 584 3020 fruitus
600 2972 713 3038 grandine
729 2973 797 3036 plura
810 2980 907 3035 petunt.

286 3040 400 3092 Forsitan·
411 3042 452 3093 bic
466 3043 549 3109 aliquis
564 3044 646 3103 dicat,
662 3044 724 3107 Quae
738 3044 831 3108 publica
846 3054 976 3108 tangunt5

324 3112 432 3183 Carpere
448 3117 582 3170 coneeffum
596 3116 629 3168 est
644 3132 651 3167 ε
667 3118 715 3167 hoc
728 3117 766 3169 ria
774 3115 838 3187 'juris
852 3114 943 3170 habet.
