2392 3892
291 471 342 524 ora
369 452 488 522 Auru
512 451 707 520 Aornum
731 450 824 520 L.·J.
857 472 931 543 199

239 568 277 623 Tot
288 568 329 624 tibi
344 585 443 639 tamque
461 572 527 622 dabit
545 571 661 623 formosas
679 571 755 620 Roma
772 572 884 636 puellas,
941 588 972 635 55

262 646 312 697 lter
328 647 421 704 babet,
439 657 466 695 ut
482 645 565 703 dicas,
584 645 696 711 quicquid
711 644 736 692 in
753 645 811 694 orbe
828 645 884 695 suit.

235 715 326 787 Gargara
336 732 398 786 quot
408 719 517 786 segetes,
532 730 593 785 quot
605 719 676 767 habet
686 717 830 783 Methymna
839 734 948 769 racemos
961 735 970 777 ;

258 792 362 860 AEquore
379 804 440 859 quot
456 792 551 856 pisces,
572 792 658 841 fronde
674 803 790 857 teguntur
806 808 884 848 aues;

233 863 289 929 Quot
300 866 395 916 coelum
410 865 509 924 stellas,
530 877 569 915 tot
585 866 659 915 habet
675 875 716 914 tua
734 863 812 913 Roma
826 865 938 929 puellas:

256 940 336 990 Mater
354 940 381 991 δι
394 935 481 988 AEneae
496 938 588 989 constat
605 940 629 989 in
643 938 703 988 urbe
719 937 764 988 sui.
940 935 974 986 60

228 1010 268 1063 Seu
281 1012 375 1079 caperis
392 1011 472 1077 primis
489 1012 515 1062 ὅι
531 1012 609 1062 adhuc
625 1010 788 1062 crescentibus
802 1009 889 1069 annis,

255 1085 319 1136 Ante
335 1086 421 1148 oculos
436 1084 520 1135 veniet
534 1102 592 1135 vera
608 1084 690 1151 puella
705 1096 772 1134 tuos.

224 1157 272 1214 Sive
290 1158 358 1224 cupis
372 1156 505 1223 juvenem,
520 1156 621 1223 juvenes
637 1157 682 1209 tibi
697 1157 763 1208 mille
777 1158 928 1225 placebunt:

255 1231 357 1299 Cogdtis
374 1231 427 1280 voti
444 1230 537 1280 nescius
554 1231 601 1281 esse
619 1233 664 1282 tui.

222 1304 268 1354 Seu
283 1317 309 1354 te
325 1301 390 1354 sorte
407 1302 476 1369 juvat
493 1304 543 1353 seta
559 1303 585 1352 dt
602 1302 731 1369 sapientior
745 1316 822 1362 aetas,
937 1302 970 1366 65
1004 1311 1008 1320 “

254 1377 309 1427 Hoc
327 1392 444 1443 quoque,
465 1376 538 1426 crede
555 1376 633 1434 mihi,
651 1377 745 1441 plenius
762 1393 848 1441 agmen
866 1376 923 1426 erit.

219 1448 346 1502 Tumodd
363 1448 479 1514 Pompeii
494 1451 573 1500 lentus
589 1449 690 1516 spatiare
707 1448 749 1497 sub
767 1448 869 1506 umora,

252 1521 316 1573 Ctirn
330 1520 367 1572 sol
384 1522 502 1573 Herculei
516 1534 585 1590 terga
602 1523 680 1573 leonis
697 1521 767 1572 adit:

216 1595 267 1647 Aut
283 1595 346 1651 ubi,
365 1597 503 1647 muneribus
520 1597 569 1647 nati
585 1596 625 1646 sua
642 1611 741 1645 munera
756 1606 834 1644 mater

252 1669 371 1727 Addidit,
389 1680 492 1719 externo
507 1686 626 1719 marmore
643 1671 710 1720 dives
729 1685 799 1733 opus.
854 1709 858 1720 .
936 1680 971 1727 70

215 1744 271 1793 Nec
288 1742 332 1792 tibi
345 1742 456 1799 vitetur,
477 1760 530 1808 quae
544 1742 626 1807 priscis
641 1743 717 1808 sparsa
732 1741 846 1799 tabellis,

251 1815 364 1864 Porticus
380 1815 482 1865 ausloris
500 1816 566 1865 Livia
583 1832 673 1866 nomen
687 1816 770 1865 habet.

215 1888 321 1954 Quasque
337 1905 422 1952 parare
439 1906 524 1938 necem
541 1890 631 1940 miseris
647 1889 795 1955 patruelibus
812 1885 873 1937 ausae

251 1961 368 2017 Belides,
387 1962 413 2010 dt
430 1962 507 2012 siricio
524 1961 567 2013 slat
581 1964 648 2014 serus
665 1963 721 2013 ense
738 1974 819 2028 pater·

215 2034 315 2088 Necte
332 2046 462 2100 praetereat
478 2036 572 2087 Veneti
588 2038 696 2101 ploratus
715 2035 828 2090 Adonin
938 2044 971 2093 75

252 2106 373 2173 Cultaque
390 2107 475 2158 Judaeo
495 2106 593 2172 septima
611 2108 675 2157 sacra
690 2108 764 2172 Syro.

213 2182 273 2232 Neu
287 2180 345 2246 suge
359 2178 469 2246 linigerae
483 2178 643 2243 Memphitica
658 2180 749 2241 templa
762 2176 889 2240 juvencae:

251 2251 344 2303 Multas
359 2253 400 2301 illa
416 2251 494 2309 facit,
509 2251 574 2317 quod
594 2250 640 2300 suit
654 2250 702 2315 ipsa
718 2248 784 2300 Jovi.

212 2327 246 2377 Et
263 2326 317 2376 fora
332 2324 500 2382 conveniunt,
521 2321 594 2391 (quis
612 2324 712 2374 eredere
728 2316 822 2387 possit?
835 2320 846 2387 )
858 2316 951 2367 amoti:

251 2398 403 2464 Flammaque
419 2399 444 2448 iu
462 2409 549 2466 arguto
566 2398 628 2463 saepe
645 2391 742 2463 repeita
759 2396 834 2451 soro;
939 2391 972 2439 80

213 2471 317 2523 Subdita
333 2476 380 2539 qua
394 2472 501 2521 Veneris
518 2471 580 2521 fasso
597 2472 628 2521 de
647 2486 764 2520 marmore
783 2466 876 2533 templo

251 2545 344 2610 Appias
360 2545 479 2610 expressis
494 2547 550 2596 a'e‘ta
565 2545 642 2610 pulsat
660 2544 737 2610 aquis.

213 2619 262 2669 lllo
281 2617 344 2680 saepe
361 2618 419 2665 loco
435 2617 528 2681 capitur
545 2618 667 2667 consultus
685 2615 781 2666 amori:

252 2688 353 2753 Quique
371 2688 422 2736 aliis
439 2690 521 2746 cavit,
540 2706 589 2738 non
605 2701 676 2738 cavet
691 2689 740 2751 ipse
756 2684 811 2736 sibi.

214 2765 262 2814 lllo
282 2762 345 2825 saepe
361 2761 419 2808 loco
434 2759 518 2809 desunt
536 2761 576 2810 sua
591 2762 666 2810 verba
683 2760 793 2815 disert03
939 2753 970 2817 85

252 2837 352 2900 Resque
369 2849 441 2882 nove
456 2832 574 2892 veniunt,
592 2832 709 2897 causaque
726 2828 819 2897 agenda
835 2825 869 2877 sui
885 2825 927 2877 est.

215 2910 290 2959 Hune
305 2909 393 2960 Venus
412 2923 426 2957 e
440 2906 556 2971 templis,
577 2923 630 2970 quae
646 2905 700 2956 sunt
717 2902 838 2960 confinia,
854 2900 927 2956 ridet.

256 2981 307 3043 Qui
321 2979 396 3031 modb
411 2995 548 3047 patronus,
567 2996 631 3029 nunc
648 2978 715 3043 cupit
729 2978 775 3029 esse
792 2976 877 3027 cliens.

217 3054 267 3105 Sed
284 3065 311 3101 tu
327 3053 449 3122 praecipub
465 3054 545 3105 curvis
561 3069 653 3104 venare
670 3052 791 3104 theatris:

257 3125 319 3181 uec
335 3127 389 3179 loca
406 3128 536 3181 sunt·voto
552 3128 673 3196 fertiliora
686 3136 741 3181 tuo.

830 3214 881 3268 liv
