2392 3892
321 334 724 402 Cousozarro.
815 355 902 434 307
959 361 962 365 ¹

186 452 300 506 Tandem
310 452 351 503 ubi
361 469 405 518 per
415 454 533 519 lacrymas
544 453 630 513 licuit,
643 453 678 504 sic
688 452 774 505 flebilis
784 455 837 505 orsa
848 456 881 506 est
893 490 901 516 ‚

224 528 338 595 Singuitu
353 526 446 575 medios
463 527 610 592 impediente
627 526 709 577 sonos.
912 542 963 578 120

187 602 275 661 Nate,
293 600 373 650 brevis
387 599 494 657 finnus,
512 599 614 665 duplicis
631 600 681 650 sors
694 602 771 650 altera
785 600 887 667 partis,

228 673 317 726 Gloria
334 672 468 730 conferre,
486 685 563 731 nate,
579 674 684 738 parentis
699 674 740 723 ubi
754 673 802 724 es?

190 747 241 800 Sed
250 764 330 813 neque
341 746 388 811 jam
398 746 514 811 duplicis,
527 763 606 812 neque
616 745 664 811 jam
675 746 726 797 sors
736 749 827 805 altera,
838 746 931 812 partus,

229 819 318 871 Gloria
335 819 452 869 confeuae
468 836 531 870 nunc
548 836 646 886 quoque
662 822 763 879 matris,
780 821 821 870 ubi
837 819 887 870 es?

190 892 249 945 Heu
261 894 268 943 i
281 891 354 943 modi>
364 904 459 951 tantus,
471 893 513 941 ubi
524 891 567 943 es?
578 895 672 943 tumulo
682 894 785 960 portaris
799 894 824 945 δι
835 894 893 963 igni.
917 908 964 955 125

228 966 290 1016 Haec
307 966 360 1016 sunt
377 965 510 1016 inteditur
526 965 589 1015 dona
605 967 711 1032 paranda
724 964 805 1017 tuos?

191 1038 287 1091 Siccine
304 1038 390 1106 dignus
407 1055 459 1089 eras
476 1039 553 1089 oculis
570 1055 701 1089 occurrere
718 1037 823 1091 matrici
883 1080 886 1084 .

228 1112 270 1162 Sic
287 1127 335 1178 ego
350 1122 376 1161 te
391 1111 506 1161 reducem
523 1112 593 1178 digna
610 1113 696 1162 videre
710 1112 768 1164 fui?

191 1184 294 1236 casaris
313 1184 391 1234 Uxori
406 1188 427 1234 si
444 1186 500 1234 talia
515 1184 596 1234 dicere
613 1186 649 1234 fas
667 1186 719 1244 est,

228 1256 283 1312 Jam
300 1258 401 1315 dubito,
419 1273 518 1324 magnos
534 1274 565 1307 eu
581 1274 638 1307 rear
653 1257 700 1308 effe
716 1257 797 1309 Deos.
916 1270 967 1322 130

191 1330 256 1381 Naro
271 1330 328 1397 quid
342 1347 391 1398 ego
406 1329 510 1380 admisi?
528 1348 581 1396 quae
594 1347 644 1381 non
659 1348 707 1399 ego
724 1332 821 1381 numina
836 1330 924 1394 cultu,

229 1402 303 1468 Quos
318 1420 366 1471 ego
383 1419 432 1452 non
447 1403 517 1470 potui
532 1402 673 1454 demeruisse
689 1402 784 1455 Deos?

192 1476 242 1527 Hic
260 1476 357 1543 pietatis
372 1473 474 1526 honos?
491 1488 557 1527 artus
573 1476 705 1543 ampleiior
721 1478 814 1529 inanes.

229 1548 264 1598 Er
279 1560 353 1599 vocat
366 1550 412 1598 hos
427 1549 492 1614 ipsos
507 1549 601 1599 flamma
616 1566 738 1617 rogesque
755 1551 831 1601 sinus.

191 1622 267 1673 Tene
284 1637 332 1690 ego
349 1620 450 1671 sustineo
465 1622 570 1687 positum
586 1622 702 1672 scelerate
718 1622 825 1673 videre?
920 1633 967 1685 135

230 1694 302 1745 Tene
318 1711 379 1745 meae
396 1704 513 1760 poterunt
528 1710 640 1758 ungere,
658 1705 732 1753 nate,
749 1692 856 1745 manus?

194 1768 270 1819 Nunc
287 1783 335 1835 ego
351 1779 378 1817 re
393 1767 478 1817 infelix
495 1763 608 1816 summum
625 1779 748 1833 teneoque
764 1764 892 1834 tuorquei

231 1837 376 1907 Effingoque
392 1837 499 1890 munus?
518 1857 608 1906 oraque
626 1841 657 1890 ad
673 1857 716 1890 ora
731 1839 808 1892 fero?

194 1915 270 1965 Nunc
286 1912 388 1978 primdur
403 1913 514 1979 aspiceris
533 1913 616 1963 consul
631 1912 755 1977 uidorque
771 1912 889 1978 parenti?

232 1986 272 2038 Sic
288 1988 363 2044 mihi,
383 1986 418 2036 sic
432 1985 523 2034 miserae
539 1985 636 2034 nomina
650 1995 718 2033 cauta
733 1982 836 2034 reiensi
921 1996 971 2044 140

195 2058 270 2124 Quos
286 2057 388 2126 primirm
404 2058 453 2109 vidi
468 2057 563 2115 fasces,
582 2057 607 2105 in
624 2057 709 2106 funere
724 2055 793 2108 vidi:

233 2131 266 2182 Et
280 2132 330 2183 ridi
344 2132 462 2187 eversos,
483 2130 644 2196 indiciumque
660 2129 726 2179 mali.
788 2131 790 2133 ’

198 2204 262 2270 Quis
280 2203 386 2257 credat?
401 2204 472 2255 metri
487 2205 529 2253 lux
545 2204 596 2252 haec
614 2202 756 2253 mestissima
770 2202 858 2261 venit,

235 2277 293 2341 Qui
309 2292 391 2330 natum
407 2278 433 2327 in
449 2277 539 2327 summo
555 2275 617 2325 vidit
633 2276 727 2324 honore
742 2275 818 2325 suum.

180 2401 184 2406 ,
197 2350 283 2403 iamne
295 2366 342 2418 ego
353 2368 402 2403 nou
412 2346 546 2415 felixijam
556 2365 611 2415 pars
619 2348 677 2397 mihi
685 2360 753 2414 rapu
763 2349 899 2404 Neronum,
923 2358 970 2406 ¹45

236 2423 344 2474 Materni
362 2425 459 2477 celeber
475 2423 571 2473 nornine
585 2421 680 2472 Drusus
696 2418 759 2471 avii

199 2495 285 2549 Jamne
303 2514 371 2548 meur
385 2514 435 2547 nou
451 2496 503 2556 est,
521 2513 567 2546 nec
584 2512 623 2545 me
638 2495 697 2544 facit
712 2494 754 2545 ille
765 2486 917 2561 'panteni

160 2591 164 2594 “
235 2568 322 2620 iamne
339 2570 377 2619 fui>
386 2570 462 2619 Drusi
477 2581 555 2619 meter
564 2566 580 2618 i
596 2569 622 2618 ὅτ
638 2567 688 2633 ipse
703 2566 772 2617 fuit?

199 2643 255 2693 Nec
273 2638 328 2691 crim
342 2640 457 2691 viiioreur
470 2642 592 2693 referetur
607 2640 685 2692 adeffe
702 2641 847 2695 Neronem,

237 2714 332 2764 Dicere
349 2712 396 2778 jam
412 2726 519 2779 potero,
539 2715 643 2783 Major,
661 2730 691 2763 an
708 2713 789 2770 aiter,
805 2705 893 2761 adest?
925 2722 973 2771 150

200 2788 294 2840 Ultima
311 2786 454 2853 contigimus
470 2801 479 2841 τ
496 2787 534 2855 ius
549 2788 631 2839 matris
646 2788 762 2837 habemur
777 2785 807 2835 ab
823 2799 884 2833 uuo.

238 2862 318 2912 Unius
335 2860 368 2912 est
385 2876 489 2919 munus,
505 2862 571 2927 quod
587 2873 670 2911 tumen
686 2861 746 2910 orba
762 2874 848 2927 negor.

203 2930 248 2981 Me
264 2934 371 2985 miseram
388 2933 395 2982 !
414 2933 532 2991 extimui,
549 2934 670 3004 frigusque
686 2949 730 2999 per
745 2931 793 2983 offa
809 2925 924 2981 cucurrit.

241 3006 282 3055 Nil
298 3024 343 3075 ego
359 3008 407 3076 jam
422 3007 513 3076 possum
529 3021 595 3070 certa
610 3024 701 3060 vocare
717 3022 820 3064 ureuru.¹
