2392 3892
277 423 349 519 308
375 422 444 489 An
471 421 645 489 Larum
670 419 921 489 Avcvsrnrr

217 558 246 605 ¹5
252 558 263 605 5
277 542 324 591 llic
342 556 411 589 meus
426 553 486 587 ecce
503 537 549 588 fuit
563 553 570 588 ε
586 536 656 602 jubet
668 538 708 587 hic
725 538 756 587 de
770 540 847 590 fratre
863 541 952 592 vereri.

313 613 404 663 Omnia
419 610 466 676 jam
482 623 588 660 metuo:
606 610 692 660 sortior
707 623 763 660 ante
780 612 825 661 sui.

277 686 373 751 Sospite
389 699 435 744 te,
453 684 535 733 saltem
549 684 655 741 moriar,
673 686 740 733 Nero
757 700 764 734 ε
783 698 812 735 tu
827 702 884 736 mea
899 688 967 738 conda

315 759 434 815 Lumina,
450 757 596 821 &excipias
610 757 672 805 hanc
689 757 790 806 animam
806 775 850 808 ore
866 761 917 825 pio.

280 832 362 897 Atque
373 829 463 881 utinam
473 829 550 879 Drusi
560 846 643 878 manus
653 831 730 879 altera
740 862 748 888 ,
766 831 881 881 &altera
891 834 967 884 fratris

220 904 269 954 160
318 906 461 955 formarent
477 904 583 960 oculos,
601 902 857 969 comprimerentque‚
874 908 960 956 meos!

280 978 357 1042 Quod
372 978 449 1034 licet,
466 977 514 1026 hoc
532 974 600 1025 certi.
615 976 708 1024 tumulo
725 992 846 1041 ponemur
862 978 890 1026 in
904 996 967 1039 uno,

316 1050 420 1100 Druse:
436 1065 516 1114 neque
532 1049 563 1098 ad
578 1062 677 1098 veteres
693 1049 805 1098 conditus
822 1049 869 1099 ibis
884 1068 953 1103 avos.

279 1122 405 1173 Miscebor
419 1122 542 1187 cinerique
559 1121 638 1178 cinis,
658 1133 732 1187 atque
748 1122 844 1171 ossibus
861 1123 920 1175 ossa.

316 1195 386 1244 Hanc
403 1196 481 1243 lucem
496 1193 571 1242 celeri
585 1193 682 1243 turbine
698 1193 773 1243 Parca
790 1196 867 1245 neat!

221 1266 268 1330 165
280 1267 342 1318 Haec
354 1269 380 1318 δι
394 1270 462 1333 plura
471 1266 548 1316 resert
558 1282 566 1316 z
577 1267 689 1333 lacrymae
704 1266 745 1315 sua
758 1269 833 1316 verba
845 1268 967 1333 sequuntau

318 1341 419 1407 Oraque
433 1340 591 1405 nequicquam
608 1356 653 1405 per
668 1337 742 1389 modd
758 1339 839 1405 questa
854 1341 956 1393 fluunt!

280 1414 349 1479 Quin
363 1415 436 1464 etiam
449 1429 557 1479 corpus,
572 1413 642 1461 matri
656 1412 697 1461 vix
711 1412 800 1478 vixque
815 1414 957 1475 remilium,

318 1487 442 1553 Exsequiis
459 1487 554 1543 caruit,
572 1485 659 1543 Livia,
676 1502 746 1551 pene
763 1486 818 1535 suis.

282 1560 381 1626 Quippe
397 1560 483 1609 ducem
498 1559 584 1608 arsuris
601 1558 725 1608 exercitus
738 1558 815 1610 omnis
831 1559 856 1609 in
872 1560 963 1621 urnis,

221 1648 272 1696 170
320 1634 387 1683 lnter
403 1649 456 1698 quae
472 1633 562 1698 periit,
581 1648 675 1696 ponere
690 1644 773 1682 certus
790 1646 853 1684 erat.

280 1705 385 1755 Abstulit
399 1705 480 1755 invitis
497 1720 586 1770 corpus
602 1705 742 1754 venerabile
759 1705 867 1764 Frater;

318 1779 349 1829 Et
363 1780 467 1828 Drusum
484 1779 588 1843 patrie,
606 1777 671 1843 quod
687 1778 822 1842 licuitque,
842 1777 921 1832 dedit.

280 1851 374 1901 Funera
391 1852 511 1900 ducuntur
524 1851 632 1899 Romana
649 1866 693 1913 per
708 1851 796 1914 oppida
813 1851 913 1911 Drusi,

252 1955 258 1969 ,ι
317 1923 373 1972 Heu
388 1924 479 1972 facinus
497 1921 505 1970 l
522 1938 566 1984 per
581 1938 633 1987 quae
650 1921 727 1971 vidior
741 1923 819 1972 iturus
837 1938 901 1974 erat.

221 2009 268 2059 175
281 1994 328 2046 Per
343 2013 413 2062 quae,
430 1994 516 2044 deletis
531 1994 691 2052 Rhemum,
708 2008 830 2054 venerat,
848 1997 933 2065 armip.

320 2068 370 2118 Hei
385 2069 443 2119 mihi
458 2068 465 2117 l
484 2070 553 2135 quam
569 2067 645 2132 dispar
661 2067 717 2117 huic
732 2069 778 2120 suit
792 2070 853 2119 illud
869 2069 940 2119 iteri

281 2140 373 2192 Consul
384 2142 433 2192 ‚init
446 2141 524 2191 sraelis
542 2153 681 2190 maerentem
698 2140 799 2191 fascibus
817 2142 926 2193 Urbem.

321 2214 389 2278 Quid
404 2216 497 2265 faceret
510 2214 606 2271 villus,
623 2213 657 2263 sic
675 2214 717 2263 ubi
732 2213 808 2263 vilior
825 2215 870 2266 init
884 2213 897 2264 ξ
927 2212 930 2218 ’

281 2286 365 2338 Melia
382 2288 466 2338 domur
482 2288 600 2354 plangore
616 2286 704 2342 sonat,
723 2287 764 2336 cui
778 2285 855 2353 figere
872 2289 944 2339 laetus

209 2358 271 2408 '180
320 2360 389 2409 Parta
406 2360 446 2411 sud
460 2360 570 2409 dominus
585 2371 688 2410 voverat
704 2376 767 2408 arma
783 2377 866 2411 manu.

281 2433 346 2482 Urbs
361 2433 454 2499 gemit,
474 2433 500 2483 ὃ(
516 2434 609 2481 vultum
625 2432 764 2481 miserabilis
780 2433 858 2483 induit
875 2448 967 2483 unumt

319 2504 440 2554 Gentibus
454 2504 562 2552 adversis
576 2504 654 2551 forma
667 2504 704 2560 sit,
714 2504 772 2560 illa,
787 2522 889 2569 precor.

281 2575 371 2627 Incerti
379 2575 541 2641 clauduntque
551 2575 651 2634 domos,
661 2574 833 2642 strepitantque
842 2593 889 2642 per
899 2580 968 2629 carben

317 2649 365 2699 Hic
383 2649 417 2699 illi
433 2648 513 2715 pavidi
529 2649 639 2715 clamque
655 2650 781 2715 palamque
797 2649 893 2700 dolent.

223 2721 270 2785 185
284 2721 342 2775 Jura
357 2724 449 2782 silent,
466 2734 586 2789 mutaque
601 2733 685 2771 tacent
701 2723 752 2772 sine
766 2723 864 2773 vindice
878 2724 968 2791 leges:

318 2794 440 2861 Aspicitur
454 2808 510 2847 toto
525 2812 632 2862 purpura
647 2796 714 2846 nulla
729 2796 795 2848 soro.

281 2867 365 2933 Dique
378 2871 456 2920 latent
465 2869 562 2935 templis
574 2884 582 2919 ι
593 2885 673 2935 neque
684 2867 763 2935 iniqua
776 2869 806 2918 ad
817 2870 904 2920 funera
913 2870 968 2920 vult·

319 2940 432 2992 Praebent
443 2959 451 2993 ε
463 2960 509 2993 nec
525 2942 629 3008 poscunt
645 2954 698 2992 tura
715 2942 814 2992 ferenda
828 2959 903 3009 rogo.

283 3010 407 3065 Obscuros
424 3016 523 3065 delubra
539 3027 626 3066 tenent
642 3015 740 3081 :pudet
755 3030 798 3062 ora
813 3015 939 3065 colentilm

222 3096 272 3147 ¹90
320 3084 459 3149 Aspicere,
474 3088 589 3149 invidie.
607 3103 678 3155 quam
691 3101 819 3149 merum,
839 3101 918 3141 metu.
