2392 3892
795 440 799 449 ι

311 690 362 766 30
409 671 451 739 P.
481 669 663 742 Orrnrr
687 670 920 744 Nasonis.

311 792 366 842 Nec
377 788 474 839 violasse
485 788 557 839 fidem
567 789 715 840 tentantibus
727 805 826 855 aequora
843 791 941 856 prodest
953 808 962 842 r

347 862 457 924 Perfidiae
471 879 554 929 poenas
569 864 643 929 exigit
664 863 704 912 ille
723 864 802 911 locus.

313 936 438 1002 Praecipu'e
455 934 508 985 cum
527 935 594 985 laesus
612 936 712 986 Amor:
730 936 785 1002 quia
801 948 879 987 mater
900 936 999 990 Amoris

264 1011 299 1064 60
349 1010 420 1058 Nuda
437 1009 588 1076 Cytheriacis
605 1010 669 1059 edita
690 1010 767 1059 fertur
783 1008 859 1075 aquis.

303 1082 410 1137 *Perdita
426 1100 457 1131 ne
471 1083 569 1148 perdam
587 1083 678 1141 timeo,
699 1098 831 1131 noceamve
848 1084 949 1132 nocenti
963 1101 972 1141 ;

349 1157 406 1205 Neu
427 1157 492 1205 bibat
508 1171 633 1221 aequoreas
650 1157 777 1223 naufragus
797 1154 869 1205 hostis
886 1174 971 1222 aquas.

313 1230 393 1288 Vive,
405 1245 509 1295 precor:
523 1229 556 1277 sic
568 1241 593 1277 te
603 1227 704 1287 melitis,
720 1232 789 1293 quim
800 1228 904 1286 funere,
917 1231 1022 1293 perdam.

348 1301 389 1351 Tu
399 1300 479 1367 potiris
495 1302 538 1350 leti
557 1302 625 1350 causa
645 1302 724 1349 ferare
737 1300 794 1351 mei.

267 1370 299 1434 65
313 1377 402 1441 Finge,
415 1391 475 1440 age,
487 1384 512 1421 te
522 1373 621 1439 rapido,
632 1371 642 1436 (
649 1374 739 1422 nullum
745 1374 807 1423 sitin
815 1374 1022 1443 omineponduS,)

349 1447 456 1495 Turbine
465 1446 596 1511 deprendi:
610 1446 666 1512 quid
676 1447 720 1496 tibi
729 1446 816 1495 mentis
826 1448 872 1495 erit
885 1446 896 1495 i

312 1520 425 1573 Protinus
435 1532 566 1569 occurrent
579 1520 642 1570 falsae
655 1517 760 1586 perjuria
772 1520 878 1587 linguae,
938 1532 940 1536 ·

350 1593 381 1643 Et
398 1591 502 1660 Phrygii
516 1592 583 1641 Dido
601 1593 684 1642 fraude
709 1592 791 1642 coatia
808 1592 878 1641 mori.

315 1665 432 1733 Coniugis
452 1679 509 1715 ante
521 1666 606 1715 oculos
627 1665 735 1731 deceptae
752 1664 819 1713 stabit
838 1666 919 1733 imago

267 1758 302 1808 70
351 1740 450 1796 Trissis,
465 1738 581 1789 &effusis
600 1738 779 1805 sanguinolenta
791 1739 875 1788 comis.

316 1813 438 1880 Quicquid
462 1813 486 1861 id
503 1810 550 1871 est,
572 1823 652 1860 totum
666 1812 757 1868 merui,
775 1813 919 1869 concedite,
936 1813 1002 1865 dicas
1017 1827 1028 1867 t

352 1885 462 1951 Quaeque
480 1886 581 1942 cadent,
600 1886 623 1933 in
639 1898 664 1933 te
680 1885 776 1934 fulmina
793 1883 856 1933 miffa
871 1898 953 1950 putes.

315 1960 355 2010 Da
373 1961 447 2009 breve
463 1958 557 2009 saevitiae
573 1957 673 2023 spatium
690 1958 816 2025 pelagique
834 1969 931 2023 tuaeque
945 1975 959 2010 :-

353 2031 452 2083 Grande
469 2048 542 2080 morae
561 2032 665 2096 pretium
677 2043 729 2080 tuta
745 2032 825 2080 futura
838 2030 875 2078 vin
893 2031 936 2081 est.

267 2111 300 2162 75
314 2106 369 2156 Nec
389 2104 445 2153 mibi
463 2117 591 2170 parcatur5
607 2121 684 2169 puero
702 2116 815 2170 parcatur
834 2102 897 2153 liilo.

351 2178 389 2227 Te
411 2177 464 2227 satis
483 2176 515 2225 est
532 2177 628 2226 titulum
643 2178 832 2226 mortisbabere
847 2194 916 2226 meae.

316 2250 382 2315 Quid
403 2268 463 2317 puer
484 2249 613 2307 Ascanius,
632 2250 689 2315 quid
704 2250 739 2299 Di
757 2267 867 2301 meruere
882 2247 1009 2316 penates?

351 2326 447 2393 Ignibus
465 2337 562 2390 ereptos
582 2325 670 2374 obruet
681 2325 742 2378 unda
763 2325 843 2373 Deos.
926 2347 930 2355 ·

316 2400 449 2466 Sedneque
459 2398 506 2449 fers
514 2411 595 2447 tecum
605 2414 611 2447 :
621 2414 666 2447 nec
674 2431 681 2456 ,
689 2416 742 2465 quae
749 2398 805 2447 mibi
814 2393 920 2464 ,perfide
927 2430 935 2455 ,
943 2393 1026 2461 jadias,

268 2475 301 2527 80
352 2472 488 2523 Presserunt
506 2473 619 2521 humeros
636 2472 700 2522 sacra
716 2483 832 2537 paterque
851 2482 916 2519 tuos.

318 2546 406 2597 Omnia
425 2546 531 2594 mentiris
542 2562 549 2595 τ
562 2562 607 2594 nec
618 2547 681 2594 enim
692 2558 733 2594 tna
744 2545 828 2592 saliere
839 2543 919 2608 lingua
1048 2577 1061 2600 ,

352 2619 439 2684 Incipit
450 2636 463 2666 a
474 2619 561 2676 nobis,
578 2618 700 2684 primaque
713 2615 805 2682 piedior
822 2631 879 2680 ego.

316 2692 341 2741 Si
358 2709 465 2758 quaeras,
482 2692 564 2741 ubisit
580 2691 680 2739 formosi
699 2701 776 2739 mater
786 2688 851 2737 ltili:

354 2765 454 2815 Occidit
470 2782 484 2813 a
503 2764 563 2813 duro
581 2764 630 2813 sola
644 2761 724 2813 relide
735 2762 799 2811 viro.

268 2842 299 2907 85
316 2839 376 2888 Haec
390 2838 446 2888 mihi
461 2855 583 2896 narraras,
601 2854 647 2887 nec
659 2853 698 2885 me
715 2850 833 2885 movere:
847 2850 982 2886 merentem

354 2914 425 2969 Ure,
441 2912 518 2962 minor
529 2910 600 2977 culpb
615 2927 686 2976 poena
700 2909 780 2959 futura
796 2908 849 2958 mei
865 2909 907 2959 est.

316 2982 1024 3051 Necmihimensdubiaest,quintetuanuminadamnentt

354 3058 400 3108 Per
419 3077 484 3116 mare
497 3096 504 3119 ,
520 3076 565 3125 per
582 3070 659 3109 terras
669 3058 767 3125 septima
777 3056 849 3123 jactat
862 3056 948 3108 hiems.

317 3132 436 3181 Fluc‘iibus
452 3132 555 3194 ejestum
564 3132 617 3182 tutb
630 3132 730 3182 statione
742 3131 844 3195 recepi,

271 3212 305 3263 90
353 3205 450 3269 Vixque
466 3206 528 3253 bene
544 3206 626 3254 audito
642 3206 753 3262 nomine,
765 3218 840 3268 regna
853 3201 919 3251 dedi.

317 3276 362 3327 His
380 3288 462 3324 tamen
474 3275 566 3332 ¹officiis
585 3278 675 3327 utinam
694 3286 808 3342 contenta
823 3272 912 3322 fuissem
930 3272 939 3323 i

353 3349 386 3398 Et
400 3348 457 3398 mihi
477 3349 620 3400 concubitus
638 3350 701 3399 fama
716 3348 808 3415 sepulta
821 3346 887 3398 foret
908 3346 916 3398 i
970 3395 973 3407 ,
