2392 3892
264 440 311 532 38
360 438 402 506 P.
431 436 617 505 Orrorr
646 436 869 505 Nasonis

261 555 317 605 Plus
327 556 370 604 tibi
381 589 389 612 ,
402 558 471 620 quim
481 555 495 606 J
498 572 545 603 uno
556 587 564 612 ‚
577 555 662 603 nocuit
672 555 758 604 Venus
770 572 777 605 t
789 556 830 605 illa
841 558 976 623 premendo

298 629 394 678 Sustulit
404 663 412 686 ,
423 629 475 678 haec
489 628 572 677 humili
581 628 624 677 sub
633 626 696 693 pede
706 628 770 677 colla
779 640 861 683 tenet.

261 701 364 766 Respice
374 703 509 751 vindicibus
519 713 630 766 pacatum
640 701 730 750 viribus
740 702 824 752 orbem
836 736 844 761 ,

300 775 355 839 Qud
364 777 435 825 latam
447 776 542 824 Nereus
553 776 655 824 caerusus
663 775 737 823 ambit
746 775 853 827 humum.

217 856 228 893 1
236 858 249 906 5
264 846 293 897 Se
304 849 347 897 tibi
356 866 402 915 pat
412 860 484 898 terrae
496 881 503 905 ,
513 848 558 896 tibi
569 848 592 897 se
602 858 656 897 tota
664 863 761 913 aequora
773 848 863 900 debent
873 865 882 901 t

300 921 404 987 implesti
414 921 504 971 meritis
514 922 570 971 solis
578 933 704 987 utramque
714 920 820 970 domum.

264 995 339 1060 Quod
348 1010 373 1045 te
384 998 487 1044 laturum
497 994 528 1042 est
539 1026 546 1050 ,
560 995 649 1042 coelum
659 994 725 1057 prior
733 994 783 1059 ipse
793 994 868 1045 tulisli
879 1010 890 1047 t

300 1067 408 1119 Hercule
419 1067 542 1131 supposito
554 1067 632 1115 sidera
642 1066 713 1114 fulcit
722 1065 801 1116 Atlas.

264 1140 330 1204 Quid
340 1142 384 1190 nisi
394 1140 479 1188 notitia
490 1138 523 1186 est
532 1138 620 1187 misero
630 1140 730 1203 quaesita
740 1140 828 1204 pudori
838 1172 848 1200 ,

217 1218 251 1254 20
299 1215 324 1262 Si
333 1213 438 1261 maculas
449 1211 521 1275 slttpri
529 1210 589 1260 sassa
598 1211 678 1275 priora
689 1211 771 1261 noti?

262 1286 333 1336 Tene
343 1286 424 1335 serunt
433 1287 541 1353 geminos
555 1284 665 1350 pressisse
678 1285 799 1336 tenaciter
808 1304 899 1355 angues
910 1319 921 1349 ,

300 1352 361 1408 Cdin
371 1372 441 1408 tener
451 1359 476 1408 in
485 1359 552 1408 cunis
562 1358 611 1425 jam
620 1358 684 1410 Jove
694 1358 778 1426 dignus
788 1376 842 1410 eres
854 1360 866 1410 d

263 1432 362 1498 Coepisti
372 1430 456 1483 melitis
467 1466 475 1490 ‚
486 1436 555 1497 quim
567 1432 674 1482 desinis:
685 1433 766 1481 ultima
776 1434 858 1498 primis

301 1506 400 1557 Cedunt
411 1523 418 1556 ι
431 1505 557 1555 dissimiles
567 1505 607 1552 hic
616 1505 653 1553 vir
663 1504 689 1555 δι
698 1505 740 1555 ille
750 1521 821 1571 puer.

218 1582 251 1633 ²5
266 1578 346 1642 Quem
355 1597 404 1630 non
413 1580 477 1629 mille
487 1579 562 1633 serae,
577 1594 649 1643 quem
657 1594 706 1629 non
717 1578 874 1631 Stheneleius
882 1578 973 1638 hostis.

301 1654 358 1701 Non
367 1653 447 1718 potuit
457 1651 522 1703 luno
532 1652 631 1701 vincere
640 1668 649 1709 ;
659 1652 734 1701 vincit
744 1651 829 1701 Amor.

264 1723 298 1774 At
308 1726 370 1774 bene
380 1737 454 1791 nupta
463 1726 530 1775 seror
540 1754 547 1780 ‚
563 1723 618 1788 quia
626 1724 737 1775 nominer
747 1725 861 1775 Herculis
873 1741 935 1776 uxot
946 1741 956 1777 t

301 1798 384 1863 Sitque
395 1799 481 1856 socer,
498 1797 584 1862 rapidis
597 1798 637 1863 qni
645 1810 715 1848 tonat
724 1799 786 1848 altus
796 1799 874 1864 equis.

264 1868 344 1932 Qudm
353 1873 415 1921 male
424 1870 554 1936 inequales
564 1872 665 1921 veniunt
674 1872 705 1921 ad
713 1882 791 1921 aratra
805 1870 904 1937 juvenci
914 1904 922 1929 ,

217 1952 250 2005 30
300 1944 361 1993 Tam
370 1945 487 2010 premitur
496 1960 582 2009 magno
602 1944 708 2011 conjuge
717 1957 792 2010 nupta
802 1945 891 1995 minor.
951 1985 954 1991 .

264 2016 322 2066 Non
332 2018 412 2067 honor
422 2016 454 2065 est
465 2050 474 2075 ,
484 2016 523 2065 sed
534 2032 595 2067 onus
607 2050 615 2074 ,
625 2016 716 2083 species
727 2019 809 2068 laesura
819 2019 950 2070 serentem·

302 2091 326 2140 Si
336 2108 381 2156 qua
391 2092 461 2141 voles
471 2086 526 2154 aptit
536 2090 628 2139 nubere
639 2123 646 2148 ‚
658 2092 721 2140 nube
732 2091 793 2157 pari.

268 2164 311 2217 Vir
321 2164 377 2214 mihi
387 2164 480 2231 semper
489 2161 569 2217 abesl;
582 2165 608 2215 ὃ(
618 2162 722 2231 conjuge
733 2164 815 2215 notior
823 2163 912 2230 hospes
922 2178 932 2215 t

301 2238 457 2304 Monstraque
469 2271 476 2295 ,
487 2236 609 2288 terribiles
619 2238 817 2303 persequiturque
828 2238 902 2289 setas.

218 2312 249 2363 35
266 2310 317 2375 Ipsa
327 2310 400 2358 domo
409 2311 481 2359 vidui
491 2342 499 2366 ,
508 2309 573 2359 votis
581 2323 681 2375 operata
690 2310 801 2374 pudicis,

302 2382 432 2448 Torqueor
442 2415 449 2440 ,
460 2382 545 2431 insesso
555 2399 585 2430 ne
595 2382 633 2431 vir
642 2382 673 2431 ab
682 2380 749 2429 hosle
759 2381 838 2429 cadat.

265 2455 332 2504 luter
342 2454 464 2521 serpentes
474 2470 594 2519 aprosque
604 2453 737 2518 avidosque
747 2453 832 2503 leones

301 2527 382 2578 Jauor
393 2562 401 2587 ,
414 2528 438 2577 ὃ(
448 2527 552 2575 haesuros
563 2540 634 2576 terna
643 2542 734 2590 perora
744 2543 827 2577 canes.

266 2602 309 2651 Me
320 2601 439 2667 pecudum
448 2598 512 2648 librae
524 2600 717 2663 ,simalucraque
726 2599 802 2650 inhnia
813 2600 908 2664 somni,

218 2684 253 2730 40
303 2674 437 2741 Ominaque
447 2672 532 2722 arcani
541 2672 610 2723 noste
620 2674 697 2737 petita
705 2688 816 2724 movent.

264 2746 383 2814 Aucupor
392 2748 476 2797 infelix
484 2747 584 2797 incertae
594 2763 713 2797 murmura
723 2748 806 2800 same:

302 2820 397 2887 Speque
407 2822 479 2872 tim0r
489 2820 577 2880 dubii,
588 2821 688 2889 spesque
698 2823 785 2872 timore
796 2823 869 2873 cadit.

263 2892 346 2943 Mater
355 2894 433 2952 abest,
445 2898 600 2962 queriturque
609 2896 667 2945 Deo
676 2896 787 2962 placuisse
794 2898 902 2961 potenti.

299 2966 353 3014 Nec
363 2978 432 3029 pater
442 2969 587 3034 Amphitryo
598 3002 606 3027 ‚
617 2985 662 3017 nec
671 2986 732 3032 puer
741 2968 828 3034 Hyllus
837 2967 914 3024 adest.

161 3069 165 3078 ·
216 3037 250 3087 45
264 3037 362 3088 Arbiter
371 3037 516 3103 Eurystheus
525 3041 565 3089 irre
576 3040 589 3091 J
592 3040 678 3088 unonis
687 3041 775 3103 iniquae

300 3110 409 3161 Seruiuu
417 3111 487 3164 uobis
498 3113 600 3181 ,iraque
609 3114 681 3182 longa
690 3112 766 3169 Dee.
