2392 3892
304 321 555 397 urnam
582 318 799 400 Anionis.
849 332 923 426 283

157 505 160 510 ,
213 443 302 500 Tutius
318 445 371 506 est,
389 458 520 513 aptumque
536 446 630 513 magis,
648 446 773 498 discedere
789 465 869 513 pace,

248 520 331 586 Qudm
346 532 432 586 petere
449 536 463 569 a
480 519 590 569 thalamis
608 520 711 587 litigiosa
728 520 802 571 sora:
936 524 988 587 670

215 594 322 647 Munera
335 610 390 660 quae
407 592 522 651 dederis,
542 592 630 641 habeat
647 593 699 642 sine
717 593 760 643 lite
775 591 878 659 jubeto:

250 667 304 719 Effe
320 666 400 717 solent
416 682 503 733 magno
520 665 604 715 damna
622 667 714 715 minora
731 668 807 717 bono.

215 738 291 806 Quod
308 740 329 791 si
344 756 390 790 vos
407 739 492 805 aliquis
509 739 632 789 conducet
648 740 714 789 casus
730 740 755 789 in
771 757 867 798 unum,

249 813 340 865 Mente
354 828 448 862 memor
462 810 534 871 toti,
555 830 609 879 quae
624 813 706 862 damus
722 831 806 873 arma,
826 827 894 864 tene.

216 886 287 939 Nunc
304 902 366 952 opus
383 884 417 935 est
431 884 520 935 armis:
534 884 591 943 hic,
610 884 645 935 d!
659 886 811 947 fortissime,
828 904 917 955 pugna.
938 886 987 953 675

248 959 380 1015 Vincenda
396 957 430 1008 est
444 960 495 1009 telo
512 955 667 1009 Penthesilea
683 973 736 1010 tuo.

216 1032 287 1085 Nunc
302 1032 347 1083 tibi
362 1031 461 1089 rivalis,
479 1047 543 1081 nunc
558 1031 642 1082 durum
660 1032 753 1093 limen,
773 1034 879 1095 amanti,

249 1107 323 1158 Nunc
340 1104 423 1155 mediis
440 1105 539 1154 subeant
554 1104 620 1154 irrita
637 1107 711 1155 verba
726 1107 800 1159 Deis.

215 1178 269 1232 Nec
285 1193 406 1246 compone
421 1195 521 1234 comas,
541 1177 595 1243 quia
611 1178 643 1226 sis
657 1191 775 1229 venturus
791 1179 823 1229 ad
838 1181 925 1230 illam:

250 1253 307 1303 Nec
322 1264 381 1318 toga
398 1250 429 1300 sit
443 1253 499 1300 laxo
516 1249 686 1315 conspicienda
702 1252 765 1300 sinu.
937 1251 989 1302 680

176 1331 180 1340 '
214 1326 289 1378 Nulla
304 1325 337 1375 sit
353 1336 381 1374 ut
396 1324 492 1390 placeas
509 1323 594 1373 alienae
611 1340 668 1372 cura
683 1325 789 1389 puella:

250 1398 306 1451 lam
321 1396 396 1447 sacito
413 1413 427 1446 e
443 1394 523 1445 miultis
538 1412 586 1445 una
601 1396 632 1446 sit
646 1396 686 1445 illa
702 1396 755 1446 tibi.

214 1472 265 1524 Sed
281 1470 341 1538 quid
358 1469 479 1536 precipua
495 1467 580 1521 nostris
598 1470 723 1520 conatibus
740 1469 840 1531 obstet,

171 1554 174 1561 '
251 1545 380 1611 Eloquar;
397 1544 511 1608 exemplo
527 1559 647 1609 quemque
663 1543 769 1594 docente
786 1544 839 1595 suo.

213 1617 356 1669 Desinimus
370 1617 457 1672 tarde,
476 1616 531 1682 quia
547 1632 593 1665 nos
610 1615 729 1680 speramus
746 1618 838 1668 amari:
937 1616 987 1680 685

252 1692 320 1742 Dum
336 1690 380 1741 sibi
394 1689 497 1755 quisque
513 1688 613 1754 placet,
633 1690 730 1739 credula
746 1692 815 1740 turba
831 1691 918 1741 sumus.

215 1763 250 1816 At
264 1777 294 1814 tu
310 1780 356 1814 nec
370 1780 446 1815 voces
462 1759 474 1827 (
488 1762 544 1829 quid
560 1762 623 1812 enim
638 1763 745 1815 fallacius
761 1764 807 1815 illis
820 1762 852 1833 ἓ)

253 1836 357 1897 Crede,
374 1853 421 1887 nec
438 1847 543 1888 aeternos
558 1836 653 1902 pondus
669 1838 759 1890 habere
773 1839 855 1891 Deos.

214 1910 289 1963 Neve
306 1910 440 1977 puellarum
456 1910 567 1977 lacrymis
583 1926 718 1970 moveare,
736 1923 844 1963 caveto:

252 1984 290 2035 Ut
304 1983 410 2041 flerent,
428 1982 513 2031 oculos
530 1981 642 2031 erudiero
659 1981 723 2034 suos.
937 1984 990 2049 690

215 2055 318 2110 Ambus
333 2055 462 2107 innumeris
478 2070 545 2105 mens
561 2067 715 2122 oppugnatur
731 2066 872 2115 amantum

254 2130 290 2182 Ut
306 2130 366 2197 lapis
380 2128 499 2196 aequoreis
517 2127 622 2193 undique
639 2127 719 2194 pulsus
733 2129 812 2195 aquis.

215 2205 271 2258 Nec
288 2204 369 2254 causas
385 2201 471 2269 aperi,
489 2218 563 2267 quare
579 2201 681 2251 divortia
697 2202 784 2254 malis:
834 2219 837 2225 ’
898 2197 900 2202 ’

253 2276 308 2327 Nec
325 2276 383 2334 dic,
401 2275 457 2342 quid
473 2275 576 2331 doleas3
595 2275 656 2323 claro
669 2286 750 2324 tamen
765 2291 841 2341 usque
858 2273 926 2326 dole.

215 2350 271 2403 Nec
287 2362 388 2417 peccata
403 2348 488 2407 refer,
505 2365 537 2399 ne
552 2346 628 2398 diluat
643 2364 651 2398 s
666 2348 717 2415 ipse
733 2347 846 2407 favebis,
937 2348 987 2412 695

254 2424 290 2474 Ut
306 2423 391 2474 melior
405 2421 476 2472 causi
491 2422 561 2472 causa
577 2423 609 2473 sit
621 2422 661 2472 illa
676 2421 727 2473 tui.

216 2494 269 2562 Qui
285 2497 360 2555 silet,
377 2495 410 2545 est
425 2493 506 2543 firmus
523 2511 530 2544 s
547 2495 587 2558 qui
602 2494 661 2543 dicit
675 2497 751 2544 multa
765 2496 854 2560 puella

252 2568 363 2625 Probra,
384 2564 492 2615 satisfieri
501 2564 611 2631 'postulat
625 2564 667 2614 ille
682 2566 736 2615 sibi.

215 2644 274 2697 Non
292 2656 339 2711 ego
356 2638 478 2688 Dulichio·
488 2637 585 2687 furiales
602 2653 670 2687 more
686 2636 803 2704 sagittas,

253 2718 309 2767 Nec
326 2714 419 2781 rapidas
435 2710 510 2760 ausim
526 2710 621 2776 tingere
635 2710 660 2760 in
674 2726 745 2770 amne
761 2710 839 2759 faces.
936 2724 988 2772 700

215 2791 271 2841 Nec
289 2807 333 2840 nos
350 2800 482 2855 purpureas
497 2783 566 2850 pueri
583 2783 740 2834 resecabimus
756 2783 826 2833 alass

255 2862 310 2911 Nec
324 2864 390 2913 sacer
403 2871 455 2911 arte
470 2856 524 2908 mei
539 2856 617 2907 laxior
630 2873 700 2909 arcus
715 2857 770 2907 erit.

218 2933 352 2985 Consilium
365 2937 417 2995 est,
434 2933 603 3001 quodcumque
620 2939 704 2981 cano!
715 2941 799 2998 parete
816 2928 932 2980 canenti:

257 3006 338 3075 thue
356 3010 433 3070 sacis,
450 3006 556 3075 coeptis,
575 3004 666 3057 Phoebe
683 3005 793 3064 saluber,
810 3003 878 3054 ades.
