2392 3892
279 482 354 555 270
406 460 614 531 OVrnzr
642 459 890 529 Nrsours

277 581 350 631 Nunc
367 579 476 645 leporem
493 595 595 644 pronum
612 580 693 629 catulo
711 578 800 630 sedare
815 580 910 649 sagaci,

315 654 388 703 Nunc
403 664 445 701 tua
460 652 582 703 frondosis
598 653 659 703 retia
675 652 749 701 tende
764 653 839 721 jugis.

279 725 331 777 Aut
348 726 449 791 pavidos
463 737 529 775 terre
545 726 613 776 varii
629 725 757 776 formidine
775 744 884 788 cervos;

315 798 367 849 Aut
382 800 454 849 cadat
469 799 571 849 adversi
588 798 686 866 cuspide
702 798 775 850 toffus
791 818 862 866 aper.

205 875 269 935 '205
279 872 359 925 Noste
375 873 500 941 fatigatum
517 872 632 931 somnus,
649 890 699 923 non
715 889 773 923 cura
787 875 895 939 puellae,

317 946 436 1013 Excipit3
456 945 581 1014 &pingui
598 948 704 1007 membra
719 947 802 1012 quiete
820 948 895 997 levat.

280 1020 371 1072 Lenius
388 1019 421 1069 etl
434 1018 553 1079 studium,
571 1019 674 1070 studium
686 1032 788 1079 tamen,
804 1020 862 1071 alite
878 1019 959 1088 capti,

318 1094 369 1143 Aut
382 1093 451 1151 lino,
468 1104 510 1141 aut
524 1093 620 1143 calamis
636 1093 733 1158 praemia
748 1109 824 1160 parva
840 1093 915 1161 sequi.

281 1167 351 1225 Vel,
369 1182 422 1231 quae
438 1165 507 1230 piscis
525 1166 586 1215 edax
603 1167 676 1215 avido
692 1167 755 1215 mal‘e
771 1166 876 1218 devoret
891 1183 950 1225 ore,

220 1251 272 1287 210
317 1238 416 1289 Abdere
432 1238 548 1304 supremis
563 1256 611 1290 aera
626 1256 729 1290 recurva
745 1238 815 1289 cibis.

281 1312 333 1363 Aut
349 1312 405 1370 his,
423 1325 465 1362 aut
481 1313 554 1371 aliis,
573 1313 653 1362 donec
670 1312 770 1363 dediscis
785 1328 885 1372 amare,

319 1383 373 1452 Ipse
388 1385 437 1454 tibi·
448 1386 530 1435 furtim
547 1385 703 1451 decipiendus
718 1386 777 1436 eris.

280 1458 324 1510 Tu
337 1470 431 1508 tantum
445 1460 473 1518 i,
490 1458 597 1525 quamvls
611 1457 683 1508 firmis
699 1458 840 1508 retinebere
852 1458 952 1509 vinclis:

320 1531 331 1581 l
348 1533 454 1598 procul,
471 1532 498 1582 dt
514 1533 598 1599 longas
616 1548 716 1597 carpere
732 1547 810 1599 perge
824 1531 886 1583 vias.

220 1613 272 1663 215
283 1605 384 1664 Flebis,
403 1616 431 1655 ut
447 1617 562 1655 occurret
578 1604 679 1655 deserte
694 1621 784 1654 nomen
799 1605 906 1664 amicte,

206 1720 211 1730 .
228 1716 230 1720 «
320 1678 399 1728 Stabit
416 1675 483 1728 &in
498 1677 577 1728 media
591 1678 695 1743 postibi
711 1678 773 1743 saepe
789 1677 839 1728 via.

284 1751 332 1803 Sed
350 1762 440 1817 quanto
457 1751 534 1801 minus
550 1751 586 1801 ire
602 1753 691 1809 voles,
708 1751 782 1818 magis
798 1750 836 1801 ire
852 1762 983 1802 memestot

320 1822 424 1883 Perfer,
443 1825 469 1876 δι
486 1825 575 1874 invitos
592 1840 690 1874 currere
707 1840 770 1890 coge
786 1823 874 1889 pedes.

281 1897 338 1947 Nec
355 1898 447 1964 pluvias
462 1897 525 1947 vites
540 1912 547 1947 t
564 1908 651 1945 necte
667 1896 794 1963 peregrina
811 1909 935 1948 morentur

221 1978 274 2015 220
320 1969 442 2027 Sabbata,
461 1986 507 2019 nec
523 1969 614 2018 damnis
630 1969 695 2018 Allia
710 1981 769 2019 nota
785 1968 843 2020 suis.

283 2044 307 2094 N
310 2059 338 2095 ec
349 2054 410 2110 quot
419 2042 557 2101 transieris,
569 2041 611 2092 sed
620 2055 680 2109 quot
690 2042 749 2101 tibi,
761 2059 859 2109 quaere,
869 2043 986 2110 supersint,

321 2117 401 2167 Millia
415 2134 423 2168 t
439 2123 505 2176 nec,
523 2133 620 2167 maneas
634 2128 662 2166 ut
675 2117 772 2182 p'rope,
787 2114 853 2183 finge
870 2134 956 2168 moras.

284 2190 409 2258 Tempora
417 2207 464 2241 nec
475 2206 574 2240 numera
585 2222 594 2248 ,
613 2206 661 2239 nec
672 2186 759 2239 'crebrd
769 2188 863 2255 respice
874 2188 987 2247 Romam

322 2265 371 2315 Sed
382 2264 439 2333 suge
451 2282 459 2315 a
470 2275 537 2314 tutus
548 2263 625 2312 adhuc
636 2261 740 2313 Parthus
748 2263 779 2312 a'b
789 2262 857 2312 holle
868 2263 925 2331 lugi
935 2263 975 2313 eli.

223 2346 273 2393 225
286 2337 355 2387 Dura
369 2337 454 2403 aliquis
468 2348 589 2404 precepta
603 2348 680 2386 vocet
692 2351 765 2395 meu
782 2336 842 2385 dura
857 2337 960 2387 fatemur

322 2402 375 2460 Essa
391 2427 398 2461 :
415 2410 476 2468 sed,
492 2422 521 2459 ut
534 2410 635 2468 valeas,
656 2410 730 2459 multa
747 2409 852 2459 dolenda
867 2412 943 2463 seres.

285 2482 354 2548 sape
368 2484 417 2531 bibi
432 2482 535 2537 succos,
554 2481 661 2545 quamvis
676 2482 784 2540 insittts,
802 2499 898 2535 amaros
969 2520 972 2525 .

320 2552 418 2623 AEger3
439 2554 465 2604 &
480 2552 560 2602 oranti
575 2552 655 2601 mensa
671 2563 759 2620 negata
775 2553 841 2602 milri.

285 2628 323 2680 Ut
340 2643 428 2694 corpus
442 2626 564 2686 redimas,
584 2626 676 2676 serrum
693 2625 790 2692 patieris
808 2626 835 2677 δι
850 2626 943 2695 ignes3

225 2709 278 2765 230
323 2702 398 2754 Arida
413 2716 460 2752 nec
475 2700 560 2752 sitiens
575 2715 619 2758 ora
633 2700 725 2751 levabis
740 2698 824 2767 ame,

287 2775 324 2827 Ut
338 2778 421 2827 valeas
437 2772 536 2833 animo,
553 2774 687 2841 quicquam:
696 2774 803 2825 tolerare
819 2772 944 2840 negabis?

323 2848 358 2900 At
373 2849 476 2916 pretium
492 2864 547 2915 pars
562 2850 616 2899 haec
632 2864 736 2915 corpore
752 2845 829 2912 majus
844 2847 929 2899 habet.

288 2919 338 2973 Sed
353 2935 434 2974 tamen
450 2919 484 2971 est
497 2921 555 2973 artis
570 2920 711 2974 striuissima
725 2921 798 2987 janua
812 2916 917 2977 nostrae,

324 2996 357 3045 Et
371 2998 441 3048 labor
456 2993 491 3045 eli
504 3009 566 3046 unus
581 3007 693 3063 tempora
708 2992 783 3061 prims
798 2988 858 3055 pati.

227 3073 278 3131 235
289 3064 404 3133 Aspicis,
420 3082 448 3121 ut
463 3068 566 3134 prensos¹
577 3081 648 3119 urant
663 3068 720 3136 juga
735 3063 812 3129 prima
827 3061 972 3128 juvencos?

325 3140 362 3193 Ut
376 3157 440 3193 nova
455 3141 566 3192 velocem
583 3140 678 3209 cingula
693 3138 765 3190 laedat
780 3136 891 3207 equum?

993 3164 1021 3217 ‘b
