2392 3892
270 444 318 517 14
375 426 417 493 P.
445 426 629 497 Orrnrr
656 426 879 497 NAsours

238 563 252 612 5
265 547 310 596 His
322 562 407 595 arcana
417 547 481 597 notis
491 548 555 596 terri
565 548 701 613 pelagoque
712 548 821 597 seruntur
831 564 839 598 :

302 620 398 686 lnspicit
409 633 521 687 acceptas
532 619 604 669 hostis
615 622 645 668 ab
654 619 720 669 hoste
730 632 811 671 notas.

265 692 317 742 Ter
327 706 408 743 tecum
420 707 506 743 conata
517 693 599 759 loqui,
611 706 650 743 ter
661 693 750 744 inutilis
761 694 831 744 haesit

301 767 411 833 Lingua:
424 780 462 816 ter
473 767 496 815 in
507 766 584 831 primo
596 766 684 816 destitit
694 783 737 816 ore
748 767 829 817 sonus.

266 837 322 903 Qud
332 841 390 889 licet
404 840 429 890 dt
440 840 560 907 sequitur,
575 841 654 907 pudor
665 839 697 889 est
707 839 840 890 miscendus
851 837 940 893 amori.

220 930 254 969 ιο
301 912 393 962 Dicere
406 931 458 980 quae
470 913 571 978 puduit,
585 913 690 964 scribere
700 912 771 980 jussit
779 912 865 963 Amor.

266 985 388 1053 Quicquid
400 988 475 1037 Amor
484 985 569 1050 jussit,
581 1003 631 1035 non
644 985 676 1035 est
688 1000 844 1036 contemnere
854 997 936 1036 tutum
947 999 959 1040 t

302 1060 411 1127 Regnat,
425 1060 484 1109 &in
495 1059 605 1109 dominos
615 1057 654 1122 jus
666 1059 740 1108 habet
749 1059 791 1108 ille
801 1060 884 1112 Deos.

265 1133 310 1183 Ille
322 1134 379 1181 mihi
390 1130 467 1196 primi>
479 1132 596 1181 dubitanti
607 1131 710 1182 scribere
721 1165 729 1190 ‚
743 1132 820 1182 dixit:

303 1206 384 1254 Scribe
398 1222 407 1261 3
420 1204 485 1254 dabit
494 1204 567 1255 vitias
579 1205 672 1254 ferreus
682 1205 723 1254 ille
736 1222 828 1257 manus.

221 1289 252 1337 15
266 1278 355 1337 Adsit,
370 1278 411 1337 δε,
423 1290 449 1328 ut
461 1277 549 1328 nostras
560 1278 632 1328 avido
642 1279 713 1329 fovet
723 1279 778 1346 igne
787 1279 922 1344 medullas,¹

302 1351 371 1419 figat
381 1352 416 1401 sic
427 1351 518 1402 animos
529 1352 553 1402 in
562 1369 616 1402 mea
629 1365 688 1402 vota
698 1365 764 1402 tuos.

265 1425 323 1475 Non
336 1442 382 1493 ego
394 1427 500 1493 nequitia
511 1426 607 1475 socialia
618 1425 711 1474 foedera
721 1443 827 1491 rumpam
837 1443 848 1486 ξ

302 1498 373 1548 Fama
383 1532 390 1556 ,
405 1500 477 1548 velim
488 1515 593 1565 quaeras,
606 1497 704 1546 crimine
715 1498 793 1546 nostra
802 1512 885 1551 vacat.

265 1572 343 1624 Venit
353 1570 429 1620 Amor
441 1573 551 1639 gravius,
564 1588 612 1637 quo
623 1569 697 1620 serius
708 1586 715 1620 ε
726 1570 814 1620 urimur
823 1572 901 1634 intus,

218 1663 254 1700 20
303 1645 400 1693 Urimur
410 1661 419 1702 3
430 1645 455 1695 &
466 1661 555 1695 caecum
565 1643 663 1709 pellora
672 1645 757 1693 vulnus
766 1644 865 1695 habent.

266 1718 367 1766 Scilicet
377 1729 404 1767 ut
413 1730 512 1766 teneros
524 1717 614 1766 laedunt
623 1716 680 1784 juga
691 1715 766 1784 prima
777 1716 913 1783 juvencos,

303 1790 428 1856 Frenaque
439 1790 480 1840 vix
491 1790 580 1855 patitur
591 1791 621 1840 de
633 1806 706 1857 grege
720 1803 803 1857 captus
818 1809 893 1858 equus
904 1810 912 1843 ε

266 1863 306 1913 Sic
317 1865 380 1913 male
388 1864 476 1929 vixque
487 1864 547 1913 subit
556 1865 645 1929 primos
657 1864 716 1913 rude
727 1865 808 1929 pedlus
820 1882 936 1927 amores;

303 1936 449 2001 Sarcinaque
459 1938 512 1985 haec
525 1938 604 1986 animo
615 1954 664 1986 non
676 1937 742 1987 sedet
752 1950 808 2004 apta
818 1956 883 1988 meo.

217 2018 234 2056 2
240 2017 252 2066 5
267 2008 314 2058 Ars
326 2008 353 2058 fit
366 2044 374 2069 ‚
386 2010 426 2058 ubi
441 2010 554 2059 ateneris
566 2010 657 2059 crimen
668 2011 812 2060 condiscitur
823 2013 905 2064 annis:

303 2082 366 2146 Quae
376 2084 443 2133 venit
454 2084 538 2133 exaflo
546 2095 657 2149 ternpore
669 2116 676 2140 ‚
687 2082 757 2150 pejus
768 2097 842 2136 amat.

266 2154 307 2206 Tu
318 2173 382 2207 nova
394 2156 493 2208 servatae
505 2158 584 2223 capies
595 2157 707 2207 libamina
716 2157 802 2217 famae3

303 2231 335 2279 Et
346 2230 436 2296 pariter
446 2231 550 2281 nostrilm
560 2230 604 2281 fiet
614 2244 717 2299 uterque
729 2247 832 2282 nocens.

267 2302 307 2351 Est
317 2304 422 2368 aliquid,
435 2306 511 2370 plenis
523 2306 630 2370 pomaria
640 2319 739 2369 carpere
750 2305 820 2353 ramis
830 2336 839 2362 ,

217 2390 252 2443 30
305 2376 336 2425 Et
346 2376 413 2425 tenui
423 2377 521 2441 primam
532 2377 639 2442 deligere
647 2391 727 2441 ungue
738 2375 823 2424 rosam.

267 2448 292 2497 Si
303 2461 383 2498 tamen
394 2449 436 2497 ille
445 2450 528 2515 prior,
541 2466 589 2514 quo
599 2465 637 2497 me
648 2447 700 2498 sine
711 2448 809 2497 crimine
821 2446 903 2516 gessi,

305 2522 403 2571 Candor
413 2522 443 2569 ab
454 2521 548 2571 insolita
558 2522 611 2570 labe
622 2521 740 2570 notandus
752 2534 804 2571 erat
815 2540 824 2580 ς

266 2593 301 2645 At
311 2597 373 2645 bene
384 2595 514 2653 successit,
527 2596 601 2662 digno
613 2595 678 2660 quod
687 2594 808 2645 adurimur
817 2596 879 2664 igni.

303 2668 376 2735 Pejus
387 2669 506 2719 adulterio
517 2669 593 2735 turpis
605 2669 700 2718 adulter
710 2667 786 2719 obest.
826 2725 828 2729 ¹

218 2745 252 2800 35
268 2741 293 2791 Si
306 2743 363 2793 mihi
375 2743 494 2794 concedat
505 2742 569 2795 luno
581 2743 727 2811 fratremque
740 2743 865 2815 virumque
875 2761 890 2803 3.

304 2816 465 2885 Hippolytum
474 2818 558 2869 videar
568 2820 727 2886 praepositura
737 2818 751 2871 J
753 2820 803 2870 ovi.

266 2886 322 2940 Jam
332 2909 444 2957 quoque,
457 2894 498 2941 vix
510 2894 610 2952 credas,
622 2894 717 2961 ignotas
730 2893 794 2945 nitor
805 2891 829 2940 in
839 2905 923 2942 artes:

304 2963 345 3012 Est
355 2964 412 3013 mihi
422 2981 466 3031 per
477 2966 548 3018 saevas
559 2968 662 3032 impetus
674 2966 709 3014 ire
720 2965 793 3014 feras.

266 3033 321 3088 lam
331 3037 388 3110 mihi
399 3037 473 3102 prima
485 3039 541 3088 Dea
552 3039 585 3088 est
591 3071 600 3097 ,
614 3054 689 3087 cornu
699 3037 822 3104 praesignis
833 3035 945 3102 adunco,

215 3124 252 3176 4ο
302 3109 518 3180 Deliazjudicium
528 3111 656 3180 subsequor
666 3109 715 3178 ipsa
724 3121 807 3165 tuum.
