2392 3892
394 451 447 531 34
493 433 535 499 P.
565 432 753 504 Oerr
780 433 997 503 Nasoms

426 565 1064 638 c======3ssss===2==2

502 686 848 750 EPISTOLA
890 687 1002 750 VIII.

353 794 360 808 ⁹
426 816 766 874 Hanarroraa
810 805 1064 875 Onusam

397 904 467 1024 Α,
476 971 573 1035 lloquor
581 967 715 1019 Hermione
727 985 803 1034 nuper
814 968 1064 1040 fratremquevirumq

434 1044 506 1092 Nunc
519 1044 617 1092 fratrem
627 1060 636 1098 3
648 1058 736 1091 nomen
749 1039 859 1108 conjugis
870 1043 931 1091 alter
943 1043 1027 1094 habet.

399 1114 504 1183 Pyrrhus
515 1114 648 1164 Achillides
660 1148 668 1173 ,
680 1112 799 1163 animosus
811 1114 912 1181 imagine
926 1117 1020 1180 patrIs,

436 1189 552 1237 inclusam
567 1199 652 1237 contra
666 1185 751 1253 jusque
765 1187 877 1253 piumque
891 1199 972 1239 tenet.

373 1273 386 1324 5
401 1259 476 1325 Quod
486 1260 573 1327 potui,
589 1260 677 1319 renui;
689 1276 719 1309 ne
731 1276 781 1309 non
796 1261 870 1310 Invita
879 1272 980 1313 tenerer
993 1278 1002 1314 τ

438 1333 528 1383 Cetera
536 1334 647 1383 femIneae
661 1351 712 1383 non
722 1334 822 1383 valuere
833 1350 933 1392 manus.v

399 1407 467 1473 Quid
480 1408 557 1466 facis,
573 1404 675 1456 AEacide
688 1405 699 1456 ἓ
713 1424 763 1456 non
777 1408 826 1457 sum
838 1408 890 1457 sine
901 1409 997 1459 vindIce
1007 1443 1016 1467 ,
1028 1410 1064 1459 dir

436 1480 497 1530 Haec
512 1481 555 1530 tihi
568 1480 608 1529 sub
622 1481 737 1536 domino,
754 1479 863 1547 Pyrrhe,
880 1484 961 1547 puella
973 1483 1016 1532 suo
1027 1484 1064 1533 eil.

400 1553 500 1604 Surdior
512 1554 553 1605 ille
570 1553 634 1603 freto
646 1555 788 1603 clamantem
798 1569 889 1603 nomen
900 1554 993 1607 Orestae

356 1636 390 1675 ιο
436 1627 523 1677 Traxit
533 1627 648 1676 inornatis
658 1628 682 1676 in
694 1626 733 1676 sua
743 1627 806 1677 tetta
816 1627 902 1677 comis.

403 1700 474 1765 Quid·
484 1700 598 1767 gravius,
615 1699 685 1766 capti
699 1699 874 1750 Lacedaemone
886 1735 893 1759 ,
905 1700 973 1750 serva
981 1702 1064 1753 tuliffer

438 1773 464 1823 si
477 1785 573 1839 raperet
588 1771 675 1838 Grajas
689 1772 789 1823 barbara
801 1776 870 1823 turba
887 1775 986 1824 nurus?

403 1844 499 1915 Parcius
514 1846 701 1895 Andromachen
712 1846 810 1897 vexavit
824 1846 918 1896 Achaia
928 1848 1013 1899 victrix
1025 1884 1035 1914 ,

439 1917 500 1969 Ciun
506 1918 606 1969 Danaiis
615 1919 729 1986 Phrygias
736 1932 820 1969 ureret
829 1919 888 1987 ignis
898 1919 968 1986 opes.

358 2004 389 2053 15
403 1991 437 2043 At
451 2006 495 2050 tu,
509 2009 566 2041 cura
577 1992 624 2042 mei
635 1992 655 2042 si
669 2006 695 2041 te
705 1991 743 2058 pia
753 1993 849 2061 tangit,
863 1993 970 2053 Oreste,

438 2065 515 2131 injice
525 2066 676 2116 nontimidas
690 2066 714 2114 in
725 2078 767 2115 tua
776 2064 830 2130 jura
840 2083 932 2117 manus.
949 2078 961 2100 0

404 2139 443 2191 An
453 2140 474 2189 si
487 2139 538 2206 quis
551 2140 628 2206 rapiat
642 2138 736 2189 stabulis
749 2152 857 2189 armenta
867 2139 988 2199 reclusis,

441 2212 514 2264 Arma
529 2213 592 2263 feras
605 2211 615 2263 ?
628 2212 696 2279 rapti
710 2212 830 2281 conjuge,
844 2214 923 2264 lentus
938 2210 1005 2264 eris?

405 2287 442 2337 Sit
453 2287 522 2336 socer
535 2288 647 2351 exemplo
659 2321 667 2345 ‚
679 2300 760 2353 nuptae
770 2287 890 2353 repetitor
900 2287 1002 2337 ademtae
1014 2319 1026 2347 ,

359 2371 394 2409 20
441 2360 489 2409 Cui
502 2360 541 2425 pia
554 2360 643 2410 militire
657 2361 725 2408 causa
735 2360 816 2425 puella
824 2359 879 2409 fuit.

404 2435 430 2485 Si
441 2435 513 2482 socer
525 2434 625 2500 ignavus
638 2432 710 2497 vidui
717 2431 810 2481 sedisset
819 2432 843 2481 ln
853 2434 905 2483 aula
915 2466 925 2491 ,

443 2507 527 2569 Nupta
537 2506 602 2555 foret
613 2505 691 2555 Paridi
705 2516 781 2555 mater
791 2540 800 2564 ,
810 2517 837 2556 ut
850 2519 907 2556 ante
917 2506 974 2557 fuit..

405 2583 463 2632 Nec
477 2579 581 2628 rumille
596 2591 660 2629 rates
676 2578 819 2645 sinuosaque
834 2579 889 2628 vela
901 2581 1010 2646 pararis,

441 2655 495 2703 Nec
507 2668 619 2709 numeros
633 2651 714 2720 Danai
727 2654 824 2702 militis:
834 2652 883 2718 lpse
894 2653 960 2704 veni·

359 2737 375 2774 a
379 2737 391 2786 5
406 2728 446 2779 Sic
459 2743 555 2794 quoque
565 2743 630 2776 eram
639 2725 925 2791 repetendammenrnec
934 2738 1005 2793 turpe
1014 2744 1063 2777 mar

444 2801 535 2866 Aspera
545 2818 590 2866 pro
600 2815 657 2850 caro
668 2801 731 2849 bella
742 2799 819 2850 tulille
830 2811 900 2851 toro.

408 2873 492 2937 Quid?
503 2874 567 2940 quod
578 2892 636 2924 avus
645 2874 713 2923 nobis
720 2873 783 2923 idem
794 2872 925 2940 Pelopeius
935 2870 1043 2928 Atreus:

444 2947 505 2998 Etsi
515 2962 564 2996 non
576 2948 634 2996 effes
645 2947 682 2995 vir
692 2948 765 3005 mihi,
780 2948 856 2997 frater
870 2962 932 2995 eras.

407 3018 467 3079 Vir,
480 3035 567 3084 precor
577 3053 584 3076 ,
594 3022 681 3077 uxori,
695 3021 769 3069 frater
779 3019 889 3068 succurre
901 3018 977 3069 sorori
988 3034 1000 3074 r

361 3101 395 3156 30
444 3093 533 3145 Instant
548 3091 630 3145 officio
644 3093 740 3145 nomina
748 3092 803 3141 bina
817 3104 873 3143 tuo·
