2392 3892
244 445 401 513 Lraan
425 442 494 512 III.
519 442 705 511 Eram
729 443 797 515 IX.
829 446 902 538 187

189 564 227 615 At
243 561 303 612 sacri
320 573 410 617 vates,
429 561 456 610 &
471 560 562 610 Divtlm
578 578 653 618 cura,
669 566 802 613 vocamur:

227 637 291 685 'Sunt
306 634 397 691 etiam,
416 633 456 698 qui
472 649 516 682 nos
533 645 621 683 numen
638 634 727 683 habere
744 646 838 699 putent.

193 709 293 759 Scilicet
310 722 381 773 omne
399 706 490 755 sacrum
504 723 569 755 mors
586 707 723 772 importuna
738 708 867 772 profanat:

231 780 351 831 Omnibus
368 778 480 827 obscuras
497 778 575 843 injicit
591 780 633 829 illa
649 796 740 829 manus.
913 796 946 830 20

196 851 262 917 Quid
278 864 350 918 pater
366 852 484 909 Ismario,
503 852 560 918 quid
576 865 670 910 mater,
688 852 780 916 profuit
797 850 921 918 Orpheo?

233 924 346 976 Carmine
364 924 422 989 quid
436 924 510 987 viera
526 924 667 990 obstupuisse
684 924 771 975 seras?

197 997 297 1050 AElinon
312 997 338 1047 in
354 996 420 1046 silvis
438 997 501 1046 idern
517 1010 605 1061 pater,
624 997 743 1057 AElinon,
760 997 816 1049 altis

233 1072 332 1121 Dicitur
347 1068 423 1119 invite
439 1070 583 1123 concinuisse
600 1070 662 1137 lyris.

200 1142 286 1209 Adjice
303 1140 463 1201 Maeoniden,
480 1160 494 1192 a
508 1159 575 1209 quo,
596 1159 642 1193 ceu
658 1144 725 1194 sonte
738 1141 858 1211 perenni,
914 1157 947 1204 25

234 1216 327 1267 Vatum
341 1213 424 1264 Pieriis
440 1231 482 1264 ora
498 1216 605 1281 rigantur
619 1218 704 1283 aquis:

201 1286 272 1337 Hunc
288 1303 385 1354 quoque
400 1287 487 1337 summa
503 1288 554 1336 dies
569 1289 639 1353 nigro
656 1288 779 1339 submersit
793 1288 913 1345 Averno,

236 1358 373 1428 Diffugiunt
386 1360 470 1409 aridos
486 1360 589 1409 carmina
606 1361 655 1409 sola
670 1377 754 1426 rogos.

201 1432 279 1483 Durat
295 1448 356 1499 opus
371 1444 473 1490 vatum,
490 1431 593 1497 Troiani
608 1433 669 1481 sarna
683 1433 789 1491 laboris,

236 1505 367 1571 Tardaque
378 1504 501 1556 noslurno
517 1506 567 1555 tela
581 1518 676 1555 retexta
693 1505 760 1554 dolo.
919 1516 952 1565 30

161 1638 164 1644 .
201 1577 239 1627 Sic
254 1577 367 1628 Nemesis
383 1579 500 1645 longum,
517 1579 553 1628 sic
569 1578 662 1637 Delia,
680 1594 769 1627 nomen
781 1577 904 1626 habebunt
917 1593 926 1635 3

236 1650 341 1709 Altera,
361 1666 417 1699 cura
430 1667 534 1709 recens,
554 1652 649 1710 altera,
667 1650 756 1715 primus
771 1666 848 1699 amor.

202 1720 268 1786 Quid
284 1739 330 1773 vos
347 1722 410 1772 sacta
425 1722 532 1788 juvant?
549 1725 605 1790 quid
621 1741 683 1773 nunc
696 1722 813 1791 AEgyptia
828 1722 927 1790 prosunt

238 1794 333 1846 Silira?
351 1796 407 1860 quid
422 1796 446 1845 in
460 1814 538 1847 vacuo
554 1796 684 1847 secubuisse
701 1795 780 1846 toro?

203 1868 265 1918 Crim
279 1868 371 1934 rapiant
385 1870 446 1917 mala
459 1870 506 1920 sata
521 1871 619 1928 bonos,
639 1868 650 1934 (
663 1870 779 1937 ignoscite
795 1868 871 1928 sasso,
885 1869 897 1937 )
920 1880 951 1932 35

239 1941 355 1991 Solicitor
372 1943 450 1991 nullos
467 1943 514 1993 esse
528 1955 614 2008 putare
630 1944 710 1994 Deos.

203 2014 268 2066 Vive
284 2014 357 2079 pius,
376 2015 479 2078 moriere
496 2017 547 2082 pius
564 2031 571 2066 ε
588 2018 644 2066 cole
659 2017 741 2075 sacra,
759 2017 883 2066 colentem

220 2137 222 2142 ,
240 2073 311 2135 Mors
327 2086 404 2154 gravis
421 2105 435 2135 a
450 2088 545 2154 templis
561 2088 585 2136 in
602 2105 661 2136 cava
677 2086 741 2137 busta
757 2088 846 2137 trahet.

204 2157 355 2209 Carminibus
373 2158 469 2209 confide
484 2160 554 2209 bonis
570 2176 577 2208 ε
594 2158 660 2225 jacet
677 2175 736 2208 ecce
752 2159 874 2209 Tibullus.

240 2232 292 2281 Vix
305 2243 386 2281 manet
403 2248 417 2281 e
435 2243 502 2281 tanto
519 2249 592 2297 parva
607 2231 671 2297 quod
688 2248 746 2280 urna
760 2230 832 2295 capit.
920 2242 957 2289 4ο

205 2302 296 2361 Tene,
314 2304 380 2353 sacer
394 2305 491 2363 Vates,
508 2304 608 2359 flammae
624 2320 726 2369 rapuere
741 2299 859 2371 rogales?

243 2375 380 2427 Pesioribus
397 2377 459 2442 pasci
475 2394 522 2427 nec
536 2378 638 2427 timuere
653 2372 724 2427 tuis?
800 2377 803 2383 ’

198 2448 290 2498 Aurea
306 2449 437 2500 samiorum
453 2450 582 2516 potuissent
598 2451 688 2516 templa
704 2450 816 2501 Deorum

243 2521 342 2580 Urere,
363 2539 416 2588 quae
431 2536 524 2575 tantum
540 2523 668 2580 sustinuere
682 2525 760 2575 nesas.

206 2593 305 2644 Avertit
320 2596 421 2655 vultus,
440 2596 526 2663 Erycis
541 2615 594 2663 quae
611 2596 719 2663 possidet
734 2611 824 2647 arces:
921 2606 955 2655 45

244 2668 307 2715 Sunt
323 2683 437 2731 quoque,
454 2668 495 2733 qui
509 2671 626 2737 lacrymas
642 2668 781 2719 continuisse
797 2676 897 2733 negent.

208 2740 257 2787 Sed
272 2749 353 2785 tamen
365 2739 414 2784 hoc
428 2740 530 2797 melius,
565 2744 619 2792 uam
634 2742 655 2791 si
669 2740 777 2791 Phaeacia
792 2740 865 2789 tellus

246 2808 359 2877 Ignotum
374 2808 415 2856 vili
431 2759 583 2875 supposuisset
596 2815 680 2863 humo.
776 2850 778 2855 .

210 2882 275 2933 Hinc
294 2879 361 2931 certe
377 2881 484 2932 madidos
501 2883 614 2951 fugientis
631 2881 718 2949 pressit
734 2882 827 2933 ocellos

248 2954 350 3012 Mater3
369 2954 395 3004 ὅ(
409 2954 433 3002 in
449 2955 543 3006 cineres
557 2957 639 3005 ultima
654 2956 717 3006 dona
733 2957 808 3007 tulit:
926 2971 961 3025 50

212 3027 277 3076 Hinc
294 3027 361 3077 soror
374 3028 398 3077 in
415 3041 506 3093 partem
521 3028 605 3079 miseri
620 3046 673 3079 cum
689 3042 765 3082 matre
782 3028 872 3085 doloris

251 3099 344 3160 Venit,
361 3100 483 3167 inornatas
500 3103 612 3157 dilaniata
629 3120 719 3157 comas.
