2392 3892
319 339 390 389 120
439 318 932 402 OvtnrrAMonunr
993 386 997 392 .

316 440 369 487 Nec
384 438 440 486 mihi
455 438 554 486 materia
571 436 604 485 est
621 438 724 487 numeris
742 440 873 489 levioribus
890 454 965 505 apra,
996 462 998 465 ⁴

272 527 306 563 ιιι
353 511 403 560 Αιιι
418 527 496 575 puer,
515 522 557 557 aut
571 511 655 576 longas
672 524 751 559 comta
765 515 847 576 puella
863 531 954 561 comas.
999 543 1002 548 -

282 583 420 649 Questus
432 598 515 633 erant
527 581 659 646 pharetra,
673 600 726 633 curn
737 597 846 649 protinus
857 587 918 645 ille
933 584 1023 645 soluti,

352 656 445 724 Legit'
437 674 464 705 ιιι
481 654 578 726 exitium
595 654 683 721 spicula
697 654 758 706 sassa
773 674 872 709 meum:
912 675 914 677 ’
1001 664 1004 719 j

315 729 466 796 Lunavitque
482 744 546 797 genu
560 727 681 778 sinuosum
697 728 794 794 sortiter
810 748 914 790 arcum,

348 801 476 868 Quodque
492 816 582 859 canas,
596 813 684 861 vates,
699 802 801 869 accipe,
818 804 893 862 dixit,
910 821 981 871 opus.

272 890 288 927 2
293 890 304 939 5
316 876 361 927 Me
377 874 486 925 miserunt
505 872 511 923 !
531 885 610 922 certas
625 874 709 923 habuit
725 892 787 941 puer
801 876 841 926 ille
859 877 975 943 sagittas:

354 950 439 1006 Uror,
458 947 484 997 &
501 946 526 995 in
543 962 623 1004 vacuo
638 946 738 1011 petiere
754 962 841 1015 regnat
858 950 959 1008 Amor..

317 1022 365 1074 Sex
375 1022 432 1072 mihi
443 1020 521 1083 surgat
531 1033 593 1083 opus
602 1018 707 1067 numeris
718 1035 727 1075 3
747 1018 771 1068 iu
783 1022 888 1088 quinque
899 1024 988 1075 residat
999 1036 1007 1073 ι

352 1094 441 1144 Ferrea
458 1106 511 1139 cum
528 1088 611 1138 vestris
627 1091 690 1140 belia
706 1092 789 1142 valete
804 1095 894 1147 modis.

315 1165 421 1234 Cingere
436 1160 522 1215 litorei
532 1162 651 1211 slaventia
666 1175 777 1229 tempora
791 1181 891 1235 myrto,

166 1230 168 1234 ¹
273 1251 322 1306 30,
351 1238 443 1296 Mosa,
461 1252 506 1307 pet
521 1235 634 1292 undenos
649 1237 809 1291 emodulanda
824 1241 913 1308 pedes.
1013 1276 1016 1284 .

332 1347 998 1422 ’κεπτ-ἔω»

383 1517 385 1520 -
489 1466 745 1532 ELEGIA
794 1465 855 1530 II.

315 1552 426 1676 Eas!
437 1623 550 1693 quidhoc
560 1625 715 1695 dicam‚quod
724 1637 773 1677 tarn
780 1623 838 1676 rnihi
848 1625 907 1675 dura
916 1626 1027 1679 videntur

353 1696 452 1758 Strata,
472 1717 552 1767 neque
566 1701 592 1751 in
608 1701 672 1752 letio
687 1701 760 1767 pallia
774 1698 852 1749 nosita
870 1699 954 1750 sedent
967 1700 989 1749 ξ’

316 1768 351 1821 Ει
366 1787 456 1822 vacuus
471 1772 555 1823 somno
570 1774 684 1829 noiiem,
701 1776 771 1839 quiam
788 1772 880 1839 longa,
897 1774 1002 1842 peregi3

352 1842 465 1909 Lassaque
482 1845 570 1895 versati
587 1846 697 1911 corporis
715 1844 764 1896 ossa
781 1844 875 1895 dolent.

292 1932 305 1981 5
316 1914 378 1965 Nam
389 1948 397 1974 ,
418 1928 498 1983 puto,
513 1916 644 1976 sentirem,
661 1918 683 1967 si
695 1935 746 1984 quo
762 1929 873 1968 tentarer
888 1935 982 1973 amore.

352 1990 392 2045 An
406 1989 488 2049 subit,
510 1990 536 2042 δι
551 1991 626 2044 taciti
644 1991 745 2042 callidus
760 2002 813 2041 arte
829 1989 927 2040 nocet?

316 2060 357 2112 sic
373 2074 447 2114 erat:
464 2062 584 2116 haeserunt
599 2078 686 2117 tenues
702 2065 728 2114 in
746 2064 820 2114 corde
837 2063 947 2131 sagittae,

353 2134 386 2185 Et
403 2135 500 2202 possessa
516 2138 581 2189 serus
597 2138 696 2204 penora
711 2138 790 2188 versat
804 2136 890 2186 Amor.
968 2132 973 2141 '

318 2206 452 2260 Cedirnut?
467 2227 496 2259 an
507 2210 609 2261 subitum
618 2211 730 2261 luttando
739 2208 912 2260 accendimus
903 2226 983 2277 ignem
995 2206 1008 2261 ἓ

277 2296 309 2333 ιο
355 2279 497 2333 Cedamust
508 2284 563 2334 leve
578 2282 625 2342 sit,
643 2281 708 2349 quod
723 2284 786 2331 bene
802 2280 900 2338 sertui,
918 2299 989 2333 onus.

316 2352 376 2407 Vidi
390 2370 438 2420 ego
452 2354 569 2420 jactatas,
586 2354 653 2404 moti
667 2355 741 2411 sace,
757 2352 867 2404 crescere
881 2354 1019 2423 flanunea:

352 2425 385 2474 Et
400 2426 468 2485 vidi,
486 2429 554 2477 nullo
571 2426 746 2485 concutiente,
762 2427 834 2477 ιιιοιί

315 2498 427 2553 Verbera
436 2500 504 2563 plura
513 2500 612 2562 serunt,
634 2502 704 2566 quarn
714 2516 775 2567 quos
789 2499 858 2567 juvat
867 2500 922 2553 usus
933 2497 1020 2552 aratri
1015 2534 1024 2562 ,

353 2571 497 2623 Detteiiant
511 2574 589 2639 prensi
606 2574 661 2623 durn
676 2572 731 2641 juga
748 2574 823 2641 prima
838 2576 926 2626 boves.
956 2605 959 2609 ⁴

275 2659 304 2708 15
316 2644 393 2711 Asper
410 2662 485 2713 equus
502 2645 740 2697 duris-contunditur
755 2664 798 2698 ora
812 2649 918 2713 lupatis:

352 2719 430 2769 Frena
447 2721 524 2771 minus
541 2720 633 2780 sentit,
649 2720 755 2788 quisquis
768 2721 798 2770 ad
814 2736 878 2769 atina
892 2718 963 2772 iacit.

316 2788 403 2841 Acriis
418 2792 508 2844 invitos
524 2797 649 2861 multoque
664 2792 771 2844 ferocius
788 2804 895 2859 urguet,
893 2801 904 2819 ·

353 2862 433 2927 Quam
448 2866 489 2931 qni
505 2866 627 2918 servitium
643 2867 707 2917 serre
723 2867 848 2918 fatentur,
867 2864 954 2915 Amor.

315 2933 352 2985 En
363 2952 411 3003 ego
421 2936 561 2990 confiteor.
574 2953 616 2990 tua
627 2941 676 2990 sum
686 2953 748 2987 nova
757 2936 854 3002 praeda,
871 2937 984 3006 Cupido

272 3021 306 3058 20
352 3006 497 3079 Porrigimus
511 3013 586 3068 vissae
600 3013 631 3063 ad
641 3022 685 3063 tua
698 3009 753 3078 jura
765 3024 859 3066 manus.
980 3079 1022 3136 Na
