2392 3892
291 434 338 485 12
386 412 428 483 P.
454 412 639 486 Ονιυιι
663 416 889 490 ΝΑεοΝιέ

286 534 335 585 Res
348 536 427 586 audita
437 537 510 596 mihi,
523 549 581 588 nota
591 537 625 587 est
635 537 678 587 ribi
688 553 696 589 ι
707 540 817 591 fratribus
829 543 889 592 orba

324 610 435 660 Devovit
446 612 494 660 nati
507 612 620 677 spemque
631 623 751 678 caputque
762 629 859 679 parens.

239 685 274 739 95
287 682 381 734 Bellum
395 696 448 734 erat
459 701 467 734 ι
478 684 518 734 ille
531 685 601 734 ferox
615 684 699 750 positis
714 684 813 737 secessit
827 689 856 737 ab
869 684 962 747 armis,

323 757 354 806 Et
367 758 451 822 patriae
466 757 542 823 rigida
555 770 637 807 rnente
652 758 751 824 negavit
767 776 848 825 opem.

287 822 346 881 S'ola
358 831 435 880 virum
449 830 540 894 conjux
554 830 633 880 flexit.
644 830 748 881 Felicior
761 832 819 882 illa!

323 905 357 953 At
370 921 423 953 mea
437 920 482 970 pro
500 904 506 952 !
524 906 591 953 nullo
605 904 714 970 pondere
729 906 802 954 verba
813 906 913 958 cadunt.

286 976 340 1026 Nec
352 989 432 1027 tamen
441 978 552 1043 indignor
563 994 570 1025 ε
583 993 629 1026 nec
640 993 678 1025 me
689 994 733 1041 pro
744 977 849 1046 conjuge
859 978 943 1046 gessi,

222 1053 288 1102 100·-
322 1051 413 1116 Saepius
427 1052 450 1099 in
466 1049 554 1099 domini
569 1050 636 1099 serva
650 1061 737 1098 vocata
750 1062 841 1100 torum.

251 1109 264 1156 ?
284 1121 332 1175 Me
342 1124 451 1190 quaedam
460 1155 468 1180 ,
478 1121 588 1180 memini,
602 1121 721 1171 dominam
732 1124 825 1188 captiva
834 1127 957 1178 vocabarz

319 1195 442 1254 Servilio,
461 1196 528 1253 dixi,
542 1194 645 1244 nominis
659 1194 725 1244 addis
740 1211 810 1246 onus.

287 1268 333 1320 Per
343 1268 481 1318 tarnenossa
492 1268 552 1327 uiri,
566 1262 644 1318 subito
654 1269 716 1318 male
726 1267 789 1318 cesla
800 1269 929 1336 sepulcro,

320 1343 421 1408 Semper
433 1341 529 1408 judiciis
544 1340 592 1392 ossa
607 1342 714 1392 verenda
728 1342 809 1402 meis3

223 1425 271 1476 105
284 1414 378 1484 Perque
390 1417 461 1466 trium
472 1417 549 1466 sortes
559 1416 649 1465 animas
657 1448 665 1473 ,
674 1432 728 1465 mea
737 1416 848 1476 numina,
858 1417 974 1478 fratrum,

322 1490 374 1555 Qui
387 1492 449 1542 bene
462 1506 506 1555 pro
521 1490 616 1556 patria,
631 1504 685 1537 curn
697 1488 839 1554 patriaque,
853 1490 955 1554 jacent3

284 1559 380 1631 Perque
391 1576 457 1613 tuum
468 1562 618 1628 nostrumque
630 1572 721 1627 caput,
732 1578 786 1627 quae
795 1560 917 1625 junximus
928 1565 994 1622 unse

321 1637 414 1703 Perque
425 1648 482 1685 tuos
493 1636 578 1693 enses,
590 1635 689 1702 cognita
698 1635 747 1684 tela
758 1636 816 1685 meis
826 1653 836 1693 3

284 1709 358 1758 Nulla
370 1710 527 1776 Mycenaeurn
536 1706 632 1757 sociasse
645 1707 732 1757 cubilia
744 1723 839 1759 mecum

220 1796 272 1835 110
321 1781 381 1833 Juro
397 1799 404 1833 ε
421 1782 544 1832 fallentem
557 1779 683 1831 deseruisse
695 1780 768 1833 velis.

283 1853 310 1903 si
324 1855 368 1905 ribi
384 1872 447 1906 nunc
464 1855 539 1904 dicam
555 1871 564 1913 3
581 1853 739 1915 fortissime,
752 1868 780 1906 ru
791 1871 887 1921 quoque
900 1853 955 1920 jura

320 1928 393 1977 Nulla
407 1928 451 1978 tibi
465 1929 517 1978 sine
528 1944 567 1978 me
581 1927 667 1994 gaudia
678 1928 756 1987 sassa,
773 1946 856 1996 neges.

282 1999 317 2051 At
330 2000 411 2054 Dana'i
424 2018 524 2052 rnaerere
536 2012 622 2067 pluant
634 2015 642 2051 ε
654 2000 699 2050 tibi
711 2001 798 2067 pleslra
813 2013 960 2054 moventurz

318 2067 357 2125 Te
373 2086 442 2125 tenet
457 2075 482 2124 in
494 2074 578 2140 tepido
592 2074 671 2125 mollis
686 2075 762 2124 amica
775 2075 837 2123 sinu.

220 2154 268 2205 115
282 2145 314 2197 Et
328 2147 348 2197 si
362 2148 415 2215 quis
430 2158 539 2215 querat,
553 2162 626 2213 quare
638 2163 745 2214 pugnare
758 2150 853 2198 recuses
866 2162 873 2197 t

320 2220 402 2289 Pugna
413 2234 487 2272 nocet
499 2238 506 2272 τ
519 2222 633 2280 citharae,
644 2238 742 2287 voxque
753 2221 885 2286 Venusque
894 2219 991 2287 juvanti

281 2292 369 2343 Tutius
381 2296 414 2344 est
422 2294 519 2359 jacuisse
529 2307 601 2354 toro,
612 2294 713 2344 tenuisse
723 2295 843 2358 puellam,

317 2366 458 2416 Threiciam
472 2364 706 2433 digitiqincrepuiffe
717 2366 807 2429 lyrnm,

282 2437 362 2502 Qu'am
376 2440 482 2489 manibus
495 2441 610 2505 clypeos,
624 2438 648 2486 δε
659 2448 736 2485 acutae
748 2431 946 2501 cuspidlshassnrn
954 2468 963 2499 ,

218 2526 269 2565 120
316 2512 348 2561 Et
360 2514 451 2578 galeam
463 2510 546 2577 pressi
556 2508 685 2560 sustinuisse
691 2508 770 2558 coms.
815 2513 836 2574 'p'

281 2584 329 2635 Sed
340 2584 384 2634 tibi
395 2602 439 2650 pro
450 2583 514 2633 rutis
525 2581 626 2648 insignia
639 2582 699 2631 sassa
715 2580 843 2646 placebant
853 2597 864 2639 3

318 2657 436 2724 Partaque
448 2655 562 2706 bellando
574 2653 651 2721 gloria
663 2654 740 2705 dulcis
753 2666 815 2704 erar.

281 2729 322 2782 Au
332 2743 440 2789 tantum,
453 2730 508 2779 dum
518 2744 557 2776 me
569 2742 684 2791 caperes,
696 2726 747 2777 fera
758 2728 820 2779 bella
831 2723 972 2797 probabas}

317 2803 426 2869 Cumque
436 2802 489 2853 mee
499 2799 574 2868 patris
583 2800 634 2849 laus
645 2813 686 2851 tua
695 2801 758 2851 vissa
768 2802 853 2870 jacet?

217 2885 251 2924 12
255 2886 267 2936 5
279 2876 314 2927 Ds
325 2877 410 2927 melius
424 2891 431 2925 :
445 2875 573 2940 validoque
584 2907 593 2932 ,
603 2892 707 2941 precor,
719 2876 810 2926 vibrata
821 2877 916 2927 lacerto

315 2948 434 2999 Transeat
446 2947 595 2999 Hesloreum
608 2947 685 3000 Pelias
694 2946 840 3000 hastn'latus.

278 3022 373 3074 Mittite
384 3038 438 3081 me,
449 3020 532 3071 Danas
544 3038 554 3080 3
567 3022 687 3072 dominum
698 3024 777 3089 legata
788 3021 903 3086 rogabo:

315 3095 443 3166 Multaque
453 3096 569 3152 mandatis
581 3096 661 3151 oscula
671 3094 745 3148 mixta
754 3093 841 3173 ἱειειιις
