2392 3892
264 470 313 540 62
369 466 409 534 P.
440 462 877 534 0V1D11NA50N15

262 586 310 637 Sed
321 597 401 635 tamen
414 584 534 649 experiar.
547 581 626 633 Modo
639 582 701 632 laeta
716 583 857 648 crepuscula
868 584 941 637 terris
952 568 985 648 ξ’

299 659 391 709 Ultima
399 674 453 725 pars
463 657 540 706 nostis
550 690 558 716 ,
570 656 694 723 primaque
703 656 764 705 lucis
773 669 827 707 erat
836 673 845 707 c

263 732 386 783 Ducimur
396 730 520 782 inachidet
532 730 613 797 niagni
625 729 667 779 sub
677 728 740 779 testa
748 728 859 798 Tyranni
869 745 881 789 ς

300 806 331 856 Et
345 806 414 856 socer
425 816 526 856 armates
534 804 625 869 accipit
635 803 688 854 ede
697 818 781 853 nurus.

220 894 236 932 2
240 893 253 943 5
265 880 381 947 Undique
390 881 513 929 collucent
523 876 658 944 praecinite
668 875 791 944 lampades
801 892 863 927 auro
874 891 884 930 2

300 954 397 1003 Dantur
407 952 431 1002 in
443 951 533 1001 invitos
545 951 615 1017 impia
625 963 679 1000 tura
690 950 772 1000 locos.

254 1021 985 1096 Vulgusfflymemilymenaee,vocant:fugitillevocantee.'·

299 1100 351 1167 lpsa
364 1098 433 1150 lovis
443 1096 533 1162 conjux
545 1093 656 1145 cessitab
665 1098 725 1145 urbe
736 1095 788 1146 sui.

217 1175 220 1180 “
262 1172 329 1223 Ecce
341 1187 408 1222 mero
419 1169 499 1227 dubii,
511 1168 628 1217 comitum
637 1169 742 1218 clamore
752 1169 909 1233 frequentes,

219 1258 254 1313 30
299 1246 371 1295 flore
382 1260 448 1293 novo
457 1242 564 1293 madidas
571 1242 720 1309 impediente
731 1257 828 1299 comas,

263 1319 292 1368 ln
304 1319 421 1368 thalamos
431 1316 481 1368 laeti
491 1350 500 1377 ,
511 1316 648 1375 thalamos,
659 1315 700 1366 sua
710 1314 792 1375 busta,
806 1315 938 1368 feruntur:
958 1369 962 1380 ,

299 1391 426 1458 Strataque
439 1390 597 1456 corporibus,
612 1389 697 1439 funere
706 1388 793 1455 digna,
807 1400 931 1453 premunt.
947 1387 951 1392 '

264 1464 365 1531 Jamque
377 1465 431 1516 cibo
442 1463 548 1529 vinoque
559 1478 666 1529 graves,
681 1461 827 1526 somnoque,
838 1460 952 1527 jacebant
962 1472 975 1518 3

300 1539 465 1605 Securumque
475 1538 542 1604 quies
552 1537 600 1585 alta
608 1551 652 1601 per
664 1533 744 1603 Argos
755 1546 807 1602 erat
819 1549 827 1583 c

220 1624 254 1677 35
267 1612 365 1662 Circum
375 1628 415 1660 me
425 1612 527 1677 gemitus
537 1607 682 1659 morientilrn
692 1607 774 1657 audire
779 1605 883 1656 videbar
893 1622 902 1656 c

301 1685 331 1733 Et
342 1696 422 1733 tamen
432 1683 541 1732 audibam
552 1698 561 1739 ;
576 1681 690 1747 quodque
703 1682 805 1730 verebar
818 1713 826 1736 ,
842 1693 905 1729 erat.

268 1756 367 1825 Sanguis
378 1756 443 1813 abit,
453 1767 607 1821 mentemque
622 1755 689 1804 calor
701 1761 837 1820 corpusque
850 1749 976 1819 relinquit:

300 1832 375 1897 loque
385 1846 450 1880 novo
461 1828 524 1895 jacui
534 1827 622 1896 frigida
634 1828 695 1878 faeta
706 1839 772 1877 toro.

265 1903 301 1953 Ut
312 1904 360 1953 leni
372 1901 489 1969 Zephyro
500 1901 596 1969 fragiles
607 1902 731 1951 ribrmtur
739 1898 812 1949 ariste
819 1916 828 1957 ;
850 1917 854 1961 '.
937 1953 940 1958 ,

219 1989 254 2036 4ο
303 1975 396 2042 frigida
406 1976 524 2041 populeas
533 1986 560 2024 ut
573 1974 650 2040 quatit
660 1989 716 2033 aura
725 1985 821 2023 comest
894 1984 898 1994 ·

264 2047 314 2098 Aut
324 2048 359 2098 sic
369 2082 377 2108 ,
388 2060 429 2097 aut
440 2048 512 2097 etiam
522 2047 703 2114 tremuimagis.
715 2045 768 2112 lpse
778 2044 894 2111 iacebas3

301 2120 413 2189 Quaeque
423 2122 467 2171 tibi
477 2119 590 2170 dederam
601 2120 670 2178 vina,
683 2120 775 2187 soporis
789 2128 867 2168 erant.

264 2194 394 2247 Excullere
407 2206 498 2245 metum
507 2193 610 2245 violenti
622 2191 680 2260 juffa
691 2192 798 2259 parentis
812 2207 821 2242 a

301 2268 406 2337 Erigor,
421 2270 447 2321 δι
460 2268 529 2333 capio
540 2269 590 2319 tela
602 2277 723 2317 tremente
737 2280 818 2313 manu.
986 2307 988 2311 .

220 2353 253 2404 45
268 2342 326 2392 Non
336 2358 383 2410 ego
394 2341 450 2390 falsa
460 2342 545 2405 loquar
556 2330 613 2387 :ter
623 2349 719 2387 acutum
727 2334 818 2383 sustulit
827 2332 928 2396 ensemj
958 2341 961 2348 “

300 2414 351 2462 Ter
362 2415 423 2462 male
432 2412 525 2462 sublato
534 2409 624 2460 decidit
633 2408 688 2457 ense
699 2423 793 2456 manus.

263 2485 369 2537 Admovi
380 2485 481 2553 jugulo,
496 2484 549 2533 sine
560 2498 600 2530 me
609 2480 652 2529 ubl
662 2495 721 2529 vera
732 2478 821 2536 lateri,

300 2556 496 2625 Admovijugulo
506 2555 556 2605 tela
565 2565 665 2619 paterna
673 2562 727 2620 tuo.
869 2553 871 2558 ’
985 2603 989 2610 ,

264 2634 313 2684 Sed
322 2627 517 2697 tinorupietas
527 2625 665 2685 crudelibus
676 2623 765 2676 obli-itit
776 2624 857 2687 ausis,
891 2683 893 2688 ¹
977 2629 979 2633 '

222 2721 255 2769 50
301 2706 418 2775 Castaque
428 2702 564 2755 mandatum
578 2701 662 2751 dextra
673 2700 762 2769 refugit
775 2716 848 2769 opus.

245 2805 248 2813 ·
265 2774 405 2844 Purpureos
412 2780 499 2831 laniata
509 2776 575 2829 sinus
587 2810 594 2835 ,
605 2776 695 2827 laniata
709 2775 829 2843 capillos,

301 2853 397 2922 Exiguo
406 2856 455 2904 dixi
468 2852 607 2904 taliaverba
618 2850 693 2902 sono:

266 2924 366 2982 Saevum
377 2925 564 2995 Hypermneiira
576 2958 584 2984 ‚
599 2921 714 2993 paterest
723 2922 767 2972 tibi
778 2936 787 2972 τ
797 2919 856 2987 julla
866 2914 977 2991 parentii

301 2996 391 3068 Effice:
403 2998 521 3066 germanis
532 2999 563 3049 sit
575 3013 657 3048 comes
672 2996 714 3047 iste
725 2995 781 3045 iuis.

223 3085 236 3133 5
242 3084 253 3134 5
267 3070 364 3121 Femina
371 3071 421 3120 sum
431 3072 457 3121 ὃ(
467 3071 537 3139 virgo
548 3105 556 3130 ,
566 3070 653 3122 natura
659 3067 722 3118 miris
733 3067 757 3119 u
767 3066 834 3117 annis
844 3082 854 3122 c

188 3195 190 3198 ,
271 3142 665 3196 morracium-mouendam
673 3143 723 3194 tela
735 3151 829 3196 mama·
863 3190 867 3197 .
919 3157 921 3161 '
951 3157 953 3162 '
