2392 3892
271 420 345 517 136
396 422 607 492 OVrnrr
640 422 887 493 Arronunr

266 540 329 604 Quae
344 540 430 592 Venus
447 558 478 591 ex
492 558 561 609 aequo
577 554 679 592 ventura
694 541 727 591 est
742 557 809 609 grata
824 544 943 603 duobus;

302 613 386 663 Altera
404 631 446 664 cur
460 614 523 663 illam
539 614 642 673 vendit,
663 616 689 665 δι
705 615 767 663 alter
783 614 867 665 emit?

222 700 235 752 3
242 703 254 751 5
267 686 317 736 Cur
332 686 389 736 mihi
404 687 436 737 sit
453 687 558 745 damno,
577 688 622 738 tibi
636 688 667 738 sit
682 688 775 737 lucrosa
790 690 925 753 voluptas,

302 759 382 823 Quam
399 760 464 810 socio
479 774 547 811 motu
563 760 652 810 femina
665 760 750 825 virque
766 760 872 810 ferunt?

251 833 322 891 *Non
338 834 401 882 bene
418 833 529 883 condulii
544 834 652 883 vendunt
665 832 771 899 perjuria
784 832 878 884 testes:

301 907 359 955 Non
374 906 437 955 bene
455 905 534 956 felesti
549 904 636 971 judicis
653 921 709 956 arca
724 917 802 972 paret.

264 976 369 1043 Turpe,
385 994 442 1030 reos
456 978 522 1029 emti
537 979 637 1030 miseros
654 978 786 1028 defendere
801 976 903 1046 lingudt

220 1065 256 1111 40
302 1050 377 1115 Quod
390 1051 463 1101 faciat
479 1067 594 1118 magnas,
610 1062 682 1116 turpe
696 1051 821 1108 tribunal,
841 1067 914 1117 opes·

264 1123 368 1188 Turpe,
384 1123 433 1190 tori
446 1122 526 1173 reditu
542 1123 627 1173 census
642 1138 732 1190 augere
750 1136 886 1189 paternos,
925 1131 930 1137 '

300 1195 330 1244 Et
347 1195 433 1245 faciem
446 1196 516 1246 lucro
533 1194 674 1262 prostituisse
690 1194 765 1245 suam.

265 1267 351 1319 Gratia
365 1283 410 1334 pro
425 1268 498 1318 rebus
514 1264 612 1318 merird.
622 1268 724 1318 debetur
739 1266 856 1328 inemtisr

300 1338 348 1391 Pru
364 1342 427 1391 male
442 1340 562 1392 conduilo
578 1342 656 1409 gratia
672 1341 738 1391 nulla
751 1352 818 1392 toro.

219 1426 252 1473 45
265 1411 354 1465 Omnia
370 1413 503 1465 conduflor
518 1414 590 1464 solvit
605 1430 612 1465 ε
629 1412 742 1464 mercede
759 1411 855 1473 soluta,

300 1488 358 1538 Non
373 1499 455 1538 manet
470 1485 552 1538 officio
569 1486 666 1538 debitor
679 1488 721 1537 ille
738 1497 793 1537 tuo.

264 1558 379 1620 Parcite,
398 1560 527 1620 formosae,
545 1560 649 1627 pretium
662 1575 708 1627 pro
726 1558 797 1609 node
813 1556 924 1625 pacisci:

300 1634 358 1683 Non
375 1634 448 1683 habet
462 1644 565 1685 eventus
582 1632 676 1684 sordida
689 1632 770 1701 praeda
783 1633 874 1685 bonos.

263 1704 321 1756 Non
336 1705 381 1756 fuit
397 1706 500 1757 armillas
516 1706 578 1757 tanti
592 1706 706 1774 pepigisse
718 1705 839 1763 Sabinas,

222 1788 254 1837 50
299 1777 336 1828 Ut
350 1777 490 1845 premerent
505 1779 577 1830 sacrae
591 1778 689 1847 virginis
705 1794 769 1828 arma
785 1789 869 1843 caput.

262 1849 283 1899 E
299 1851 384 1916 quihus
400 1852 510 1911 exierat,
527 1850 624 1917 trajecit
638 1851 730 1901 viscera
744 1850 811 1899 ferro

298 1923 392 1992 Filium
413 1923 439 1990 dt
456 1939 535 1989 poene
551 1924 622 1973 causa
638 1922 728 1973 monde
743 1921 799 1972 fult.

262 1994 409 2046 Nectamen
418 1995 540 2063 indignum
551 1995 602 2055 eil,
624 2012 638 2044 a
649 1994 723 2046 divite
733 2010 832 2046 munera
841 1992 932 2061 poscis

298 2067 404 2118 Munera
418 2068 528 2135 poscenti
543 2069 610 2137 quod
625 2067 683 2120 dare
699 2068 797 2135 possit,
814 2068 902 2121 habet.

220 2151 233 2199 5
238 2153 251 2201 ς
264 2139 362 2209 Carpite
379 2141 410 2192 de
426 2142 504 2207 plenis
520 2142 656 2211 pendentes
670 2141 760 2193 vitibus
775 2157 856 2193 uvas:

299 2214 409 2266 Praebeat
424 2215 522 2266 Alcinoi
538 2233 611 2283 poma
626 2216 744 2284 benignus
760 2232 827 2283 ager.

263 2285 378 2338 Officium
392 2305 485 2355 pauper
499 2301 631 2349 numeret,
646 2287 793 2355 studiumque
806 2286 927 2355 fidemque
939 2304 949 2339 ε

300 2359 375 2423 Quod
391 2362 443 2427 quis
458 2360 549 2420 habet,
568 2359 670 2411 dominae
686 2362 796 2411 conferat
809 2375 882 2410 omne
897 2361 954 2413 suae.

262 2431 301 2481 Est
315 2449 428 2499 quoque,
446 2433 589 2483 carminibus
606 2430 703 2483 meritas
717 2432 841 2482 celebrare
855 2436 971 2498 puellas,

218 2499 253 2551 60
298 2504 353 2552 Dos
368 2519 422 2552 mea
438 2519 446 2553 z
462 2520 533 2569 quam
548 2505 616 2555 volui
625 2538 634 2564 ,
650 2516 708 2554 nota
724 2502 752 2554 fit
767 2519 820 2555 arte
834 2506 899 2557 med.

261 2571 407 2628 Scindentur
420 2574 517 2636 vestes,
536 2593 637 2645 gemme
651 2576 792 2647 frangentur
807 2578 833 2629 δι
849 2593 954 2630 aunam:

298 2647 410 2700 Carmina
425 2665 495 2716 quam
508 2651 634 2710 tribuent,
651 2651 714 2702 fama
727 2652 839 2719 perennis
852 2654 907 2702 erit.

260 2726 315 2777 Nec
331 2723 407 2782 dare,
423 2721 464 2772 sed
479 2724 583 2790 pretium
599 2724 683 2794 posci,
700 2725 817 2794 dedignor
834 2725 859 2775 δι
874 2724 928 2779 odi.

297 2795 374 2863 Quod
390 2811 455 2867 nego
470 2797 598 2866 poscenti,
620 2799 703 2853 desine
716 2802 802 2859 velle;
818 2797 893 2853 dabo·

506 2943 665 3057 *last
