2392 3892
535 433 857 519 LIBER
907 436 968 505 I.
1021 437 1408 506 ELEGIA
1458 440 1628 509 XV.
1687 460 1833 536 143

424 552 596 605 Gallus
635 556 689 605 δι
721 555 965 621 Hesperiis
989 589 1008 612 ‚
1047 555 1100 606 &
1136 554 1309 606 Gallus
1340 567 1485 605 notus
1515 556 1634 610 Eo'is
1655 593 1673 617 ‚

491 627 553 678 Et
594 626 676 678 sua
709 644 818 679 cum
857 628 1003 679 Gallo
1037 640 1153 680 nota
1185 628 1391 696 Lycoris
1430 630 1540 679 erit.
1862 648 1931 699 30

426 699 590 769 Ergo,
627 698 738 752 cum
769 701 930 752 silices
952 733 983 761 ,.
1011 699 1119 751 cum
1157 701 1276 751 dens
1306 700 1533 767 patientis
1568 705 1749 766 aratri,

495 774 787 840 Depereant
817 791 926 825 aevo
953 808 969 834 ,
1002 774 1215 824 carmina
1242 786 1402 824 morte
1437 788 1623 826 carent.

427 846 616 898 Cedant
650 848 938 898 carminibus
969 846 1131 914 Reges
1154 880 1170 906 ,
1208 847 1495 916 Regumque
1529 850 1793 919 triumphi:

494 917 658 971 Cedat
693 921 746 970 &
779 919 977 970 auriferi
998 919 1111 985 'ripa
1139 920 1282 969 beata
1311 920 1456 989 Tagi.
1822 960 1833 969 .

336 983 349 1006 ²
429 992 552 1047 Vilia
584 994 793 1042 miretur
823 994 996 1060 vulgus
1031 1008 1046 1043 τ
1081 992 1194 1042 mihi
1222 992 1374 1043 flavus
1406 993 1589 1061 Apollo
1866 1008 1931 1064 35

495 1066 688 1121 Pocula
721 1064 922 1115 Castalia
956 1066 1097 1133 plena
1132 1065 1359 1117 ministret
1394 1067 1539 1134 aqua.

433 1137 788 1205 Sustineamque
821 1138 956 1190 coma
986 1150 1286 1189 metuentem
1317 1139 1499 1209 frigora
1533 1152 1740 1210 myrtum
1764 1157 1782 1194 ε

499 1214 666 1278 Atque
699 1228 727 1260 a
759 1212 945 1262 solicito
979 1214 1155 1263 multus
1185 1225 1375 1264 amante
1405 1216 1561 1283 legar.

437 1281 641 1335 Pascitur
674 1286 724 1334 in
755 1286 877 1336 vivis
908 1285 1054 1335 Livor
1091 1302 1106 1336 ε
1138 1287 1243 1351 post
1276 1286 1374 1335 fata
1406 1286 1606 1353 quiescit
1629 1320 1646 1346 ‚

504 1355 627 1407 Ct'im
660 1357 770 1408 suus
806 1375 868 1408 ex
899 1358 1074 1407 merito
1108 1374 1346 1424 quemque
1382 1370 1548 1408 tuetur
1574 1360 1755 1411 honos.
1867 1375 1939 1421 40

439 1429 563 1497 Ergo
597 1430 745 1487 etiam
765 1464 782 1490 ,
824 1429 930 1481 cum
961 1446 1039 1480 me
1070 1429 1317 1495 supremus
1347 1431 1565 1481 adederit
1597 1431 1717 1498 ignis
1740 1463 1756 1491 ,

505 1502 681 1580 Vivam
713 1518 729 1555 ε
758 1520 967 1575 parsque
998 1504 1097 1555 mei
1127 1505 1277 1555 multa
1309 1502 1543 1573 superstes
1575 1504 1689 1556 erit.
