2392 3892
306 337 584 411 Hnnornns.
611 341 681 407 Er.
705 334 799 409 XX,
846 353 923 429 107

214 452 268 506 Hoc
284 456 409 516 faciente,
428 456 489 509 subis
506 473 555 509 tam
571 457 634 509 saeva
649 453 757 522 pericula
769 457 841 507 vitae
931 468 982 518 175

248 528 329 597 Atque
344 531 433 580 utinam
446 548 491 596 pro
506 546 551 592 te,
567 531 609 598 qui
623 540 707 580 movet
719 529 779 586 illa,
794 526 884 579 cadat!

216 599 294 665 Quem
305 604 325 658 si
335 603 488 670 reppulerit,
503 622 566 664 nec,
582 620 654 671 quem
664 602 721 652 Dea
733 602 845 660 damnat,
859 600 943 652 miris
955 616 966 659 3

248 676 281 727 Et
295 688 323 727 tu
338 674 476 736 continuo,
491 677 560 728 certe
577 694 625 744 ego
640 676 716 725 salvus
731 690 784 725 ero.

214 748 273 799 siste
289 761 402 807 metum,
419 749 509 815 virgo,
529 749 604 799 stabili
618 749 715 814 potiere
729 747 816 797 salute.

250 823 300 873 Fac
315 821 390 872 modo
404 822 509 885 polliciti
525 821 618 889 conscia
630 822 721 887 templa
736 821 814 871 colas.
937 818 988 869 180

213 895 269 945 Nec
285 896 354 943 bove
370 893 472 944 malleto
488 894 592 945 coelestia
607 894 703 945 numina
717 894 843 961 gaudente

254 968 328 1023 Sed,
345 982 398 1033 quoe
410 966 537 1034 prestanda
553 967 587 1019 eil
601 968 627 1019 δι
641 966 694 1019 tine
709 966 787 1027 teile,
805 966 866 1017 lide.

212 1039 254 1090 Ut
269 1040 369 1094 valeant,
378 1039 448 1099 alie,
464 1041 553 1092 fetrum
567 1041 691 1109 patientur
704 1040 731 1093 dt
746 1041 835 1109 ignes:

255 1114 315 1163 Fert
331 1112 382 1163 aliis
398 1114 487 1164 tristem
502 1115 585 1166 succus
601 1131 694 1165 amaus
709 1131 791 1180 opem.

217 1188 260 1238 Nil
276 1203 338 1252 opus
353 1186 390 1236 eil
401 1187 450 1238 istis
462 1221 470 1246 ‚
486 1186 579 1239 tentinn
591 1186 701 1255 periurio
711 1188 780 1237 vita:
940 1180 990 1245 185

253 1260 342 1326 Teque
357 1260 429 1310 simul
444 1260 530 1321 serra,
547 1276 655 1328 meque,
671 1260 796 1325 datamque
811 1256 910 1309 fidon·

218 1332 351 1395 Praeteritae
365 1334 460 1385 veniam
475 1334 540 1385 dabit
554 1332 691 1403 ignorantia
706 1334 794 1398 culpe.
840 1369 843 1375 .

255 1407 396 1458 Exciderint
410 1407 491 1459 animo
506 1407 601 1459 foedera
615 1406 678 1459 lello
692 1417 737 1457 tuo
752 1420 761 1454 t

218 1480 351 1530 Admonita
362 1497 389 1531 es
398 1479 472 1533 modo
481 1496 545 1532 voce
555 1479 627 1540 mei,
645 1477 719 1530 modd
730 1476 835 1529 cassibus
848 1473 916 1534 illisi

256 1552 344 1617 Quos,
363 1553 459 1620 quoties
473 1566 554 1605 tentas
568 1554 674 1611 follere,
690 1554 755 1603 ferre
770 1552 844 1602 soles.
941 1557 997 1610 190

218 1627 265 1676 llis
281 1643 378 1694 quoque
391 1627 489 1689 vitatis,
504 1628 531 1677 in
545 1642 617 1693 partu
631 1643 718 1693 nempe
733 1626 851 1695 rogabis,
920 1675 922 1687 ,

191 1706 194 1710 ’
257 1699 294 1747 Ut
309 1699 353 1748 tibi
369 1700 484 1752 luciferas
500 1700 586 1751 offeret
601 1701 643 1751 illa
657 1716 752 1750 manus.

221 1771 335 1831 Audiet3
355 1773 401 1833 δι,
420 1786 601 1840 repetensque
616 1774 665 1825 sint
678 1774 779 1832 andita,
796 1769 906 1839 requiret

261 1846 313 1910 lpsa
324 1878 338 1904 ,,
349 1847 393 1896 tibi
409 1846 440 1897 de
455 1863 503 1914 quo
518 1847 624 1915 conjuge
640 1859 722 1913 partus
737 1858 788 1897 eat.
803 1885 806 1892 .

223 1918 354 1979 Promittes
366 1932 452 1970 votum
464 1938 474 1979 3
490 1922 534 1971 scit
546 1933 572 1972 te
587 1921 730 1987 promittere
745 1916 830 1969 falsd:
947 1924 997 1975 ¹95

262 1990 276 2043 J
279 1994 380 2051 urnbis;
397 1993 442 2042 scit
454 2004 480 2043 te
495 1994 579 2043 fallere
595 1992 662 2058 posse
677 1993 760 2041 Deos.

224 2068 283 2116 Non
296 2066 377 2133 agitur
394 2065 424 2114 de
439 2081 497 2123 me;
518 2064 576 2114 curd
588 2062 681 2128 maiore
693 2064 780 2111 laboro
792 2074 801 2110 t

263 2138 344 2188 Anxia
359 2138 413 2187 sunt
426 2137 484 2186 vitae
500 2136 600 2202 pellora
615 2133 694 2185 nostra
708 2146 770 2195 tune.

227 2212 278 2282 Cor
292 2208 368 2263 modo
382 2221 408 2260 te
424 2209 520 2260 dubiam
535 2208 616 2277 pavidi
629 2207 722 2257 flevere
735 2199 872 2273 parentes?

264 2286 365 2353 Ignaros
380 2285 460 2350 culpae
473 2300 535 2351 quos
551 2282 611 2333 faris
626 2280 678 2333 ell'e.
688 2279 759 2330 tnel
949 2290 1005 2327 noo

228 2358 261 2410 Et
276 2375 319 2409 cur
331 2356 466 2427 ignorent?
482 2358 554 2409 matri
569 2357 628 2407 licet
645 2354 723 2405 omnin
736 2367 842 2405 narrett

267 2432 309 2481 Nil
324 2444 386 2490 tua,
402 2432 533 2500 Cydippe,
549 2430 611 2481 faeta
625 2430 833 2481 ruboris'lnbent.

229 2504 326 2555 Ordine
343 2506 381 2556 fac
398 2506 510 2565 referam
527 2519 555 2555 ut
571 2505 604 2555 sis
618 2504 677 2554 mihi
693 2503 790 2572 cognita
808 2495 930 2569 primdn,

265 2578 341 2627 Sacra
356 2577 501 2642 pharetrate
517 2579 574 2629 dum
589 2578 650 2628 facis
666 2578 715 2643 ipia
733 2577 816 2627 Deae:

230 2651 286 2708 Ut,
302 2663 329 2700 te
346 2649 493 2717 conspetll,
511 2648 587 2714 lubitd
600 2685 608 2710 ,
623 2651 644 2702 si
659 2648 725 2700 forte
739 2644 846 2705 notasti,
954 2654 1006 2706 205

268 2722 425 2782 Restiterim,
441 2722 494 2775 lixis
506 2723 534 2774 in
545 2736 588 2775 tua
602 2725 708 2775 membra
723 2722 811 2790 genis:

230 2795 288 2855 Ut,
305 2810 332 2847 te
348 2797 404 2846 durn
422 2794 521 2847 nimidm
534 2793 625 2858 miror,
639 2810 697 2848 nota
712 2807 781 2847 certa
795 2790 903 2852 luroris,

271 2870 416 2920 Deciderint
428 2870 532 2920 humero
548 2871 621 2936 pente
632 2870 701 2937 lupia*
709 2882 775 2921 meo.

232 2940 364 2993 Postmodo
382 2943 463 2994 nescio
479 2947 526 3011 qul
542 2943 632 2993 venille
648 2944 756 2993 volubile
770 2940 877 2997 malum,

271 3016 357 3071 Verba
371 3017 453 3071 ferens
471 3017 546 3070 doliis
562 3016 674 3069 insidiosa
690 3015 763 3068 notis·
951 3011 1015 3055 2¹0

843 3076 905 3147 nvi
