2392 3892
156 460 158 463 ⁴
243 448 397 516 Laura
422 444 473 531 II.
499 414 662 514 Earum
689 448 793 520 XIX.
825 452 898 543 167

192 563 241 619 Iam
256 566 309 631 pius
324 563 418 615 AEneas
433 562 524 612 milerae
537 562 661 627 rescripsit
676 564 771 616 Elill'ae:

226 638 350 704 Quodque
368 639 433 703 legat
448 636 558 701 Phyllis,
576 636 596 685 si
613 635 686 685 modo
701 637 780 697 vivit,
800 641 883 693 habet.

143 717 145 742 ²
193 711 271 763 'stillis
287 712 317 760 ad
333 709 490 777 Hypsipylen
505 710 535 757 ab
550 708 635 757 Iasone
650 709 720 758 litera
737 713 822 764 venit:

224 785 276 835 Det
290 796 373 833 votam
388 781 483 831 Phoebo
498 780 583 831 Lesbis
600 795 677 832 amata
694 784 779 849 lyram.

193 856 243 907 Nec
252 857 298 907 tibi
310 889 319 914 ,
338 858 384 920 qual
394 867 474 903 tutum
485 854 535 903 vati
547 887 554 911 ‚
573 854 679 913 Macer,
697 873 760 905 arma
771 859 887 920 canenti,
907 873 941 925 35

221 930 320 981 Aureus
337 928 362 977 in
378 927 460 976 medio
475 926 557 976 Marte
575 939 671 976 tacetur
689 928 774 980 Amor.

194 1000 222 1053 Et
237 1000 303 1051 Paris
321 1000 356 1050 est
369 1000 439 1057 illic.
458 1000 606 1050 &adultera
622 1001 703 1050 nobile
718 1004 830 1065 crimene

225 1075 257 1124 Et
275 1090 359 1124 comes
376 1071 490 1121 exstinllo
508 1070 637 1121 Laodamia
653 1074 718 1126 viro.

194 1146 216 1197 si
232 1148 295 1196 bene
313 1158 339 1195 te
357 1145 435 1201 novi3
454 1162 503 1195 non
519 1146 583 1195 bella
598 1140 711 1198 libentius
726 1148 776 1199 istis

225 1220 296 1270 Dicis
312 1233 321 1267 ε
338 1217 365 1269 ὃ(
381 1234 395 1266 a
411 1217 493 1267 uestris
509 1219 534 1268 in
550 1235 604 1269 mea
621 1218 695 1269 castra
711 1222 785 1275 redis.

223 1377 868 1451 ozza—s·

248 1552 253 1560 ·
331 1550 585 1637 caetera
634 1549 760 1617 xia

197 1684 253 1804 St
268 1744 315 1800 tibi
331 1767 381 1803 non
396 1768 457 1819 opus
474 1751 507 1802 est
521 1750 634 1810 servatl,
654 1750 743 1812 stulte,
760 1750 862 1816 puellla

229 1823 263 1872 At
279 1823 338 1873 mihi
354 1824 392 1875 lac
408 1826 488 1876 serves
502 1831 516 1885 ‚⁴
527 1842 575 1891 quo
592 1824 665 1892 magis
681 1824 730 1891 ipse
747 1825 828 1875 velim.

195 1894 269 1959 Quod
280 1896 355 1955 licet,
364 1899 484 1965 ingratum
495 1897 547 1948 est:
560 1899 625 1965 quod
635 1913 686 1947 non
696 1898 770 1957 licet,
781 1895 860 1947 acrius
870 1894 927 1948 urit.

230 1968 334 2018 Ferreus
349 1969 401 2030 est,
421 1970 441 2020 si
457 1972 525 2037 quis,
543 1972 608 2038 quod
622 1972 678 2022 sinit
693 1975 774 2031 alter,
793 1983 866 2022 amat.

196 2040 324 2106 Speremus
340 2044 446 2107 paritet,
464 2045 553 2108 pariter
570 2056 702 2093 metuamus
717 2055 846 2100 amantes3
911 2058 926 2107 ς

232 2113 263 2163 Et
280 2112 352 2162 faciat
368 2127 428 2163 voto
444 2130 497 2163 tara
511 2116 606 2180 repulsa
620 2117 711 2163 locum.

196 2182 253 2250 Qui>
269 2186 327 2235 mihi
344 2186 482 2243 fortunam,
502 2202 553 2251 quae
570 2203 698 2250 numquam
713 2185 797 2235 fallere
814 2181 905 2235 curet?

230 2258 271 2307 Nil
287 2274 354 2325 ego,
376 2257 441 2324 quod
455 2258 521 2307 nullo
537 2269 648 2323 tempore
664 2258 754 2315 laedat,
773 2273 837 2308 amo.

196 2326 298 2384 Viderat
312 2332 360 2380 hoc
375 2332 400 2381 in
416 2347 455 2380 me
469 2330 555 2380 vitium
572 2330 669 2380 versuta
686 2329 815 2387 Corinna3

232 2402 337 2469 Quique
354 2405 407 2471 capi
421 2404 529 2471 possem,
547 2403 632 2453 callida
648 2414 719 2453 norat
737 2417 820 2469 opem.
913 2417 947 2457 ιο

197 2473 234 2527 dh
250 2476 257 2526 l
275 2476 390 2542 quoties,
409 2478 457 2528 sani
475 2478 558 2545 capitis
573 2476 672 2527 mentita
687 2477 804 2538 dolores,

232 2549 390 2599 Cuntlantem
406 2552 475 2601 tardo
490 2550 561 2617 jussit
575 2552 642 2602 abire
656 2549 739 2616 pede!

197 2620 235 2671 lh
251 2621 257 2672 l
275 2623 370 2688 quoties
385 2622 454 2673 linxit
469 2626 579 2690 culpam,
597 2637 759 2691 quantumque
774 2622 884 2681 libebat,

232 2694 335 2744 lnlontis
352 2694 454 2760 speciem
470 2698 571 2761 praebuit
587 2697 654 2755 elle,
671 2694 784 2745 nocens!

197 2766 235 2817 sic
250 2766 291 2817 ubi
308 2778 428 2824 vexarat,
448 2768 590 2833 tepidosque
605 2767 729 2818 refoverat
745 2767 833 2833 ignes,
914 2778 945 2829 15

232 2837 321 2889 Rursus
339 2851 392 2887 erat
405 2838 469 2887 votis
486 2840 559 2888 comis
576 2840 672 2905 &apta
688 2839 757 2895 meis.

195 2911 265 2976 Quas
280 2911 337 2960 mibi
351 2910 495 2968 blanditias,
513 2904 581 2977 quim
596 2911 675 2960 dulcia
688 2911 762 2961 verba
775 2908 892 2977 parabat!

236 2983 342 3041 Oscula,
359 2983 395 3034 Di
411 2985 490 3051 magni
508 2982 513 3032 !
531 2984 607 3050 qualia
625 2996 730 3050 quotque
746 2982 836 3033 dabat!

195 3054 239 3107 'su
256 3070 368 3121 quoque,
387 3075 439 3124 quae
455 3056 547 3106 nollros
564 3055 657 3123 rapuisti
673 3072 749 3122 nuper
765 3056 858 3109 ocellos
867 3066 891 3120 ‚¹

234 3126 307 3193 Saepe
321 3129 378 3183 time
394 3131 510 3191 insidias,
529 3126 691 3199 saepe'rogata
705 3144 786 3200 negat
819 3151 821 3156 ’
876 3147 878 3152 ·
909 3144 945 3180 20
