2392 3892
280 424 352 496 268
405 422 614 492 Orrntr
640 421 891 497 Nasonis

254 543 314 595 crim
324 541 418 592 dederit
426 543 544 609 lacrymas
554 577 562 601 ,
573 543 724 610 animumque
734 546 872 610 expleverit
880 562 973 615 aegtum3

220 634 269 685 130
315 617 359 665 llle
377 617 448 665 dolor
462 616 543 665 verbis
561 618 736 666 emoderandus
753 618 810 669 erit.

251 689 380 757 Temporis
391 705 429 739 ars
438 689 556 739 medicina
566 688 618 740 sete
629 689 678 740 est:
689 690 744 739 data
752 702 866 758 tempore
874 694 974 759 prosunt,

315 763 347 812 Et
363 763 418 811 data
433 778 482 812 non
496 775 554 827 apto
570 773 682 828 tempore
698 763 754 812 vina
769 777 871 815 nocent.

278 835 346 901 Quin
362 837 434 887 etiam
450 836 568 885 accendas
582 837 660 893 vitia,
680 836 810 902 irritesque
825 839 947 898 vetend03

314 910 476 975 Temporibus
491 908 576 957 sinon
592 909 733 977 aggrediare
749 909 807 962 suis.

219 1002 266 1054 ¹35
278 984 363 1050 Ergo,
382 982 423 1034 ubi
438 981 501 1030 visus
517 981 564 1031 eris
581 982 665 1033 nostrae
681 982 831 1034 medicabilis
848 984 911 1043 arti,

315 1057 363 1107 Fac
380 1054 475 1105 monitis
492 1054 569 1121 fugias
585 1055 635 1104 otia
649 1055 725 1120 prima
741 1057 812 1107 meis.

279 1130 360 1184 Haec,
376 1142 402 1179 ur
413 1144 477 1176 ames
488 1159 496 1184 ‚
507 1127 616 1176 faciunt:
630 1128 701 1187 haec,
719 1140 746 1177 ut
756 1129 841 1180 secere
852 1163 860 1188 ,
870 1141 977 1182 tuentur:

316 1202 375 1251 Haec
392 1202 444 1250 sunt
460 1198 559 1264 jucundi
574 1199 643 1250 causa
661 1201 778 1267 cibusque
794 1203 860 1252 masi.

254 1271 264 1290 ⁹
279 1275 337 1327 Otia
353 1274 374 1323 si
387 1274 479 1331 tollas,
497 1273 592 1338 periere
609 1272 735 1339 Cupidinis
752 1291 844 1334 arcus,

220 1368 269 1415 ¹40
317 1348 502 1411 Contemtaeque
517 1345 618 1410 jacent,
637 1348 729 1396 &sine
745 1349 821 1406 luce,
839 1349 915 1399 saces.

277 1420 360 1485 Quim
377 1422 486 1488 platanus
500 1419 557 1468 vino
573 1420 681 1486 gaudet,
700 1423 770 1485 quim
787 1422 892 1488 populus
907 1419 980 1480 ursi,

317 1495 349 1544 Et
365 1500 434 1559 quim
450 1493 535 1541 limosi
551 1509 627 1542 canna
644 1492 749 1557 palustris
767 1493 863 1551 hum03

279 1567 341 1617 Tam
357 1568 443 1617 Venus
462 1566 512 1615 otia
527 1578 590 1615 amnt
607 1582 615 1616 e
633 1565 675 1631 qui
691 1563 763 1615 finem
780 1566 867 1631 quetis
883 1566 981 1624 amoris,

317 1638 413 1703 (Cedit
427 1655 495 1689 umor
507 1638 602 1705 rebus)
618 1654 658 1687 res
673 1654 718 1705 age
735 1654 742 1688 ε
757 1650 826 1689 tutus
841 1639 898 1690 eris.

153 1750 156 1756 »
220 1731 266 1779 145
278 1713 409 1781 Languor,
432 1712 458 1764 δι
475 1711 597 1761 immodici
612 1711 653 1761 sub
670 1712 737 1761 nullo
752 1711 849 1762 vindice
866 1712 957 1772 somni,

315 1786 444 1851 meaque,
464 1786 491 1838 dc
506 1787 583 1835 multo
600 1797 710 1850 tempora
725 1784 804 1850 quassa
821 1802 910 1845 mero,

278 1860 388 1924 Eripiunt
405 1875 487 1908 omnes
503 1860 586 1907 animis
602 1858 653 1907 sine
669 1858 771 1907 vulnere
787 1848 899 1911 nervos':

315 1931 399 1980 Afflnit
413 1930 514 1979 incautis
530 1930 654 1978 insidiosus
672 1929 757 1978 Amor.

278 2004 401 2055 Desidiam
417 2018 478 2070 puer
495 2003 535 2052 ille
550 2002 616 2068 sequi
634 2002 711 2060 solet,
729 2002 781 2051 odit
796 2017 920 2070 agentes:

219 2094 269 2143 150
315 2073 355 2127 Da
371 2094 453 2128 vacuae
470 2076 563 2135 menti,
581 2091 630 2143 quo
647 2087 778 2134 teneatur,
797 2092 870 2141 opus.

279 2153 340 2203 Sunt
356 2152 430 2201 sora:
445 2149 497 2199 sunt
513 2150 603 2217 leges:
619 2149 688 2209 sunt,
706 2164 766 2215 quos
781 2152 890 2209 tuearis,
907 2148 983 2201 amici.

315 2225 385 2278 Vade
402 2241 446 2289 per
462 2225 558 2273 urbanae
576 2222 676 2271 candida
691 2221 763 2271 castra
779 2234 856 2289 togae.

278 2300 328 2353 Vel
345 2310 373 2348 tu
389 2296 511 2365 sanguinei
525 2295 642 2361 juvenilia
658 2312 757 2345 munera
773 2295 862 2346 Matris

314 2371 411 2437 Suscipe
427 2388 435 2420 r
451 2368 543 2420 deliciae
559 2368 607 2434 jam
623 2369 665 2419 tibi
682 2380 750 2435 terga
767 2368 867 2419 dabunt.

223 2460 229 2495 t
237 2461 248 2508 5
256 2461 267 2507 5
279 2444 345 2494 Ecce
360 2444 434 2510 fugax
450 2441 571 2499 Parthus,
592 2442 678 2506 magni·
688 2457 751 2490 nova
768 2441 838 2492 causa
853 2439 986 2510 triumphi.

315 2516 368 2567 Jam
384 2516 453 2562 videt
468 2514 492 2562 in
507 2513 596 2578 campis
614 2511 714 2561 Caesaris
730 2528 794 2561 arma
810 2511 868 2564 suis.

277 2590 358 2645 Vince
373 2586 519 2652 Cupidineas
533 2585 623 2651 pariter
639 2583 786 2650 Parthasque
803 2584 924 2653 sagittas:

315 2664 347 2713 Et
363 2661 429 2713 teser
442 2660 472 2709 ad
488 2659 579 2726 patrios
594 2659 649 2708 bina
662 2672 754 2726 tropaea
770 2658 841 2709 deos.

279 2739 315 2788 Ut
332 2737 404 2787 semel
417 2709 501 2787 AEtoli
516 2731 653 2800 Venus'esi
666 2750 680 2781 a
696 2731 793 2799 cuspide
809 2732 886 2791 laesa5

237 2812 269 2860 60
316 2810 418 2860 Mandat
432 2807 532 2858 amatori
546 2808 610 2856 bella
626 2807 732 2873 gerenda
749 2805 800 2855 suo.
859 2852 862 2858 ,
901 2864 903 2870 Ι

216 2897 219 2902 ·
280 2882 414 2946 Quaeritis,
431 2880 551 2949 AEgisthus
567 2897 641 2946 quare
655 2881 686 2929 sit
701 2878 776 2928 sasius
792 2875 909 2927 adtdter?

316 2956 343 3003 In
360 2966 456 3020 promtu
472 2954 540 3004 causa
556 2954 589 3003 est
605 2969 613 3003 t
632 2952 763 3003 desidiosus
780 2962 840 3000 erat.

280 3027 421 3092 Pugnabant
435 3027 474 3076 alii
490 3027 563 3077 tardis
577 3027 640 3091 apud
657 3026 718 3075 llion
734 3022 826 3076 armis:

315 3098 479 3155 Transtulerat
494 3100 559 3152 vires
576 3097 671 3154 Graecia
687 3109 739 3150 tota
756 3095 817 3148 suas.
