2392 3892
384 429 437 505 54
494 411 535 477 P.
564 410 748 481 OVIDII
775 409 997 479 NAsorrrs

383 532 434 582 Aut
445 546 488 579 nos
500 530 581 596 Scylla
591 546 663 594 rapax
675 529 771 577 canibus
782 529 877 578 misisset
892 531 1000 581 edendos
1013 529 1019 579 !

420 604 513 652 Debuit
523 603 621 669 ingratis
631 603 711 668 Scylla
720 618 810 650 nocere
819 602 885 651 viris.

325 690 374 742 125
388 674 956 743 Quaequevomitsluslustotidem,totidemque
965 676 1062 726 resorbe

420 752 472 800 Nos
485 765 580 816 quoque
589 748 720 797 Trinacriae
730 745 883 814 supposuisset
892 765 970 813 aqua

384 822 474 889 Sospes
481 823 513 871 ad
521 821 660 872 Haemonias
669 820 793 887 visiorque
803 821 933 871 reverteris
941 822 1014 872 urbes
1024 839 1034 881 3

422 896 522 946 Ponitur
530 896 559 944 ad
573 894 664 960 patrios
675 910 749 944 auree
757 896 809 944 lana
820 893 900 943 Deos.

385 969 452 1033 Quid
463 970 564 1019 reseram
574 966 646 1017 Pel'rae
655 979 722 1016 natas
733 999 740 1024 ,
753 966 845 1031 pietate
854 978 973 1019 nocentes
983 1001 992 1026 ,

328 1056 377 1107 130
425 1042 539 1107 Caesaque
550 1039 659 1105 virginci
668 1039 772 1088 membra
784 1051 883 1106 paterna
893 1039 986 1090 manu?

384 1116 420 1165 Ut
430 1116 527 1179 culpent
538 1112 590 1170 alii,
605 1112 649 1161 ribi
663 1128 702 1161 me
715 1112 813 1161 laudare
828 1112 922 1163 necesse
939 1114 991 1174 est,

422 1186 468 1235 Pro
477 1202 526 1250 quo
538 1185 585 1234 sum
594 1185 670 1235 toties
680 1184 726 1235 esie
737 1184 818 1234 consid
827 1202 928 1237 nocens.

384 1259 461 1309 Ausus
472 1274 497 1308 es
508 1258 522 1309 ὂ
533 1258 538 1306 !
550 1256 633 1323 (justo
644 1259 730 1309 desunt
740 1259 779 1309 sua
789 1261 863 1309 verbe
874 1259 983 1327 dolori5)

421 1332 499 1382 Ausus
509 1349 535 1381 es
545 1365 552 1389 ,
561 1330 660 1382 AEsonii
670 1367 678 1390 ,
690 1333 772 1381 dicere
782 1366 789 1390 ,
802 1333 863 1382 cede
873 1332 956 1383 domo.

325 1420 372 1473 135
384 1404 397 1457 J
400 1405 446 1455 ussa
456 1406 528 1455 dorno
537 1406 615 1463 cessi,
628 1405 689 1454 naris
705 1405 817 1455 comitata
827 1405 939 1462 duobus3

420 1479 467 1537 Et,
479 1479 518 1545 qui
528 1496 566 1528 rne
576 1478 682 1544 sequitur
694 1478 799 1542 semper,
810 1493 892 1526 amore
901 1476 949 1528 rui.

384 1553 420 1603 Ut
430 1551 506 1602 subitis
516 1550 605 1602 nostras
614 1551 711 1618 Hymen
720 1562 828 1601 cantatus
838 1551 869 1600 ad
876 1566 948 1601 aures

420 1626 512 1682 Venit,
528 1626 554 1674 &
568 1624 671 1673 accenso
680 1625 801 1689 lampades
811 1624 866 1692 igne
874 1624 983 1684 micant,

384 1696 503 1762 Tibiaque
514 1695 597 1747 effudit
607 1696 701 1746 socialia
710 1696 814 1746 carmina
821 1697 908 1754 vobis,

324 1783 373 1832 140
420 1770 454 1820 At
462 1770 518 1819 mihi
528 1769 628 1819 funerei
638 1770 754 1819 flebiliore
766 1769 841 1828 τηθίς

276 1884 278 1887 .
383 1841 512 1899 Ρεηῑιηυὴ
524 1858 570 1891 nec
582 1843 661 1893 adhuc
670 1855 763 1892 tantum
772 1842 848 1893 scelus
858 1840 905 1892 effe
914 1844 1026 1909 putabam
1039 1858 1046 1892 :

419 1914 466 1963 Sed
475 1925 556 1963 tamen
566 1916 590 1963 in
601 1927 656 1964 toto
665 1915 763 1980 peslore
774 1916 848 1985 frigus
858 1928 920 1966 erat.

337 1986 1064 2057 Turbaruunt3&,Hymen,clamant:llyrnen2e,frequenter

418 2058 476 2123 Qud
485 2063 585 2127 propior
594 2076 643 2110 vox
653 2062 721 2121 haec,
732 2062 780 2113 hoc
789 2063 848 2112 mihi
856 2059 925 2127 pejus
935 2073 996 2110 ernt.

322 2146 369 2197 145
382 2134 481 2184 Diversi
491 2133 580 2185 flebant
587 2134 664 2194 servi,
674 2137 840 2204 lacrymasque
850 2136 963 2202 tegebant
973 2150 981 2185 ε

419 2206 481 2272 Quis
490 2209 567 2257 vellet
580 2209 642 2259 tanti
655 2210 757 2260 nuncius
774 2208 821 2259 esse
831 2206 908 2256 mali?

380 2280 425 2330 Mc
436 2294 532 2347 quoque
544 2313 552 2337 ,
564 2283 680 2348 quicquid
694 2295 759 2341 erat,
773 2278 853 2348 potiris
869 2278 960 2327 nescire
971 2277 1049 2341 juvrh

417 2353 465 2402 Sed
477 2365 589 2419 tanquam
599 2355 697 2413 scirem,
709 2370 776 2404 mens
785 2352 843 2402 mihi
851 2349 920 2400 tristis
931 2365 992 2399 erat.

382 2422 444 2474 cum
460 2426 537 2476 minor
549 2444 563 2476 e
574 2427 671 2492 pueris,
681 2425 753 2490 jussus
764 2424 888 2489 studioque
897 2421 996 2474 videndi
1008 2459 1015 2484 ,

321 2512 371 2560 150
417 2497 529 2549 Constitit
540 2500 569 2549 ad
579 2500 680 2567 gemine
689 2498 770 2547 limina
780 2497 856 2563 prima
869 2496 928 2547 soris
940 2512 948 2547 s
1021 2523 1028 2535 ·

379 2570 428 2621 Hic
439 2571 511 2631 mihi,
521 2573 620 2632 Mater,
630 2572 684 2630 nbi3
695 2587 806 2637 pompam
815 2581 901 2636 pater,
913 2569 1008 2637 inquit,
1021 2572 1027 2594 ¹

415 2645 507 2705 Ducit3
521 2647 547 2697 δι
557 2645 682 2712 adjunttos
691 2660 777 2696 aureus
787 2657 858 2713 urget
867 2662 955 2712 equos.

379 2716 491 2769 Protinus
501 2719 603 2770 abscissa
611 2718 691 2786 planisi
702 2735 757 2769 mee
770 2719 867 2786 pestere
876 2720 962 2772 vesle:

415 2792 480 2842 Tuta
488 2809 534 2843 nec
544 2810 557 2842 a
566 2793 646 2862 digitis
655 2810 697 2843 ora
707 2793 776 2845 susre
786 2793 856 2845 meis.

321 2875 368 2928 155
383 2864 422 2914 Ire
431 2865 523 2915 animus
534 2867 771 2918 mediaesuadebatin
780 2866 874 2935 agmina
882 2864 959 2915 turbae
970 2894 980 2921 ,

325 2977 329 2984 .
416 2938 533 3004 Sertaque
546 2939 686 3006 compositis
697 2941 794 2989 demere
805 2948 873 3003 rapt·
884 2936 969 2986 cornis.

379 3010 429 3068 Vn
443 3026 481 3059 me
492 3010 618 3069 continui,
628 3013 685 3078 quin
694 3012 729 3061 sic
739 3010 827 3059 laniata
837 3008 936 3075 capillos

413 3081 563 3142 Clamarem,
574 3083 648 3134 Meus
659 3082 708 3140 esis
719 3081 893 3151 injicerenque
900 3098 983 3135 manus
