2392 3892
380 451 424 520 18
485 449 526 515 P.
556 449 740 519 Orrnrr
769 449 993 520 Nasonis

376 570 450 619 Tolle
461 585 540 618 moras
551 567 643 617 tantiam
654 602 660 626 ‚
673 580 850 634 properataque
861 569 953 620 foedera
964 570 1053 642 junge.

311 664 364 714 150
413 642 464 707 Qui
474 643 530 691 mihi
541 659 604 691 nunc
615 641 698 700 saevit,
712 642 747 691 sic
757 640 801 690 tibi
810 655 893 706 parcat
903 643 991 695 Amor.

376 716 434 767 Non
445 732 491 782 ego
503 716 621 782 dedignor
630 713 728 780 supplex
738 714 880 781 humilisque
891 718 999 782 precati.

414 788 472 838 Heu
484 788 491 837 l
507 788 620 837 obinunt
630 787 699 837 sallus
710 788 806 853 altaque
816 787 892 838 verba
901 786 1010 853 jacent?
1048 803 1050 807 ’

376 862 409 913 Et
422 878 529 930 pugnare
545 861 604 918 diu,
619 877 665 911 nec
680 878 718 910 me
736 860 876 911 submittere
890 863 982 928 culpae,

414 936 489 985 Certa
505 935 539 985 fui
554 951 560 984 ε
574 936 634 984 certi
649 935 669 984 si
683 934 740 999 quid
754 933 855 983 haberet
866 935 951 984 Amor.

315 1019 347 1069 ¹5
352 1019 365 1069 5
376 1009 448 1064 Vina
461 1024 565 1074 precor,
584 1007 729 1073 genibusque
739 1006 787 1055 tuis
800 1008 889 1073 regalia
903 1007 981 1058 tendo

415 1082 515 1131 Brachia
528 1095 535 1130 e
548 1080 604 1145 quid
616 1078 718 1136 deceat,
731 1094 780 1127 non
790 1079 857 1128 videt
868 1080 930 1130 ullus
941 1098 1034 1134 amans·

377 1154 521 1218 Depuduit,
533 1151 694 1217 profugusque
705 1150 783 1215 pudor
794 1150 834 1199 sna
844 1151 911 1219 signa
923 1156 1035 1222 reliquit.

406 1227 454 1280 'Da
469 1226 565 1274 veniam
578 1223 657 1281 fassa,
670 1224 776 1289 duraque
792 1224 864 1272 corda
880 1225 960 1277 doma.
1043 1233 1047 1240 '

378 1297 438 1362 Qui)
445 1299 511 1357 mihi,
520 1298 585 1365 quod
592 1297 697 1365 genitor,
707 1298 746 1362 qui
755 1296 861 1363 possidet
867 1314 974 1365 equora,
984 1300 1064 1352 Minoa

314 1370 367 1424 160
416 1372 492 1437 Quod
502 1373 600 1422 veniant
610 1371 694 1437 proavi
706 1370 803 1420 fulmina
813 1382 877 1420 torta
887 1389 958 1421 manu
968 1371 980 1422 l

380 1446 455 1511 Quod
466 1448 498 1496 sit
508 1462 565 1495 avus
576 1444 647 1493 radiis
658 1444 763 1493 frontem
773 1445 875 1493 vallatus
886 1445 981 1505 acutis,

416 1519 541 1585 Purpureo
552 1516 659 1582 tepidum
670 1517 711 1581 qui
720 1526 805 1564 movet
814 1533 859 1564 axe
871 1516 955 1567 diem?

379 1593 502 1642 Nobilitas
513 1592 554 1640 sub
564 1592 654 1640 Amore
666 1587 746 1652 jacet:
758 1588 869 1638 miserere
880 1592 987 1656 priorum
993 1605 1008 1652 ’ς

417 1666 448 1714 Et
459 1698 467 1723 ,
481 1665 538 1712 mihi
551 1664 570 1712 si
583 1679 632 1711 non
643 1664 678 1711 vis
689 1678 806 1728 parcere,
817 1679 889 1729 parce
901 1664 973 1715 meis.

315 1744 367 1808 165
381 1737 420 1787 Est
430 1738 487 1787 mihi
497 1737 583 1786 dotalis
594 1736 683 1794 tellus,
694 1735 707 1786 J
710 1736 762 1784 ovis
774 1735 847 1785 insula
855 1731 962 1794 ‚'Crete.

417 1811 512 1860 Serviat
524 1809 660 1876 Hippolyto
674 1809 741 1875 regia
751 1819 803 1857 tota
813 1825 879 1859 meo.

379 1884 461 1934 Flelle
473 1884 538 1933 feros
549 1883 657 1932 animos:
668 1882 749 1948 potuit
758 1897 912 1948 cornampere
923 1895 1020 1933 taurum

416 1957 499 2005 Mater
516 1973 522 2007 :
540 1957 586 2005 eris
599 1967 670 2005 tauro
686 1955 769 2005 saevior
786 1953 835 2021 ipse
849 1954 935 2005 truci?

379 2028 427 2080 Per
437 2031 562 2080 Venerem
572 2045 670 2095 parcas,
680 2044 725 2077 oro
735 2062 743 2086 ,
758 2045 810 2094 quae
820 2030 920 2094 plurima
931 2045 1026 2078 mecum
1038 2027 1064 2080 el

316 2113 369 2166 ¹70
417 2103 457 2152 Sic
468 2117 593 2169 numquam
604 2136 611 2160 ,
624 2119 678 2168 quae
688 2114 714 2151 te
726 2102 838 2168 spernere
847 2102 943 2168 possit,
958 2119 1036 2156 ames.

382 2177 423 2227 Sic
435 2176 478 2226 tibi
489 2175 587 2226 secretis
597 2176 665 2243 agilis
676 2175 839 2225 Dea-saltibus
849 2176 911 2224 adsit
922 2208 930 2233 ,

417 2250 529 2315 Silvaque
540 2250 675 2315 perdendas
686 2251 793 2316 praebeat
803 2250 851 2298 alta
862 2248 935 2297 feras.

380 2322 421 2371 Sic
432 2323 528 2371 faveant
540 2323 619 2387 Satyri
628 2342 640 2379 ,·
648 2334 808 2385 montanaque
818 2320 930 2376 numina,
942 2317 1038 2376 Panes:

417 2395 449 2443 Et
467 2394 535 2443 cadat
546 2393 647 2443 adversa
658 2394 754 2459 cuspide
767 2390 838 2441 sollus
849 2408 916 2456 aper.

316 2486 366 2537 175
381 2466 421 2515 Sic
432 2466 476 2515 tibi
487 2467 545 2515 dent
556 2466 675 2531 Nymphae
687 2460 813 2531 (quamvis
824 2462 896 2512 odisse
907 2463 999 2528 puellas

418 2539 532 2605 Diceris)
543 2550 650 2586 arentem
660 2555 713 2604 quae
724 2540 790 2587 levet
798 2535 861 2584 unda
871 2536 945 2588 sitim.

369 2611 1064 2680 Addimushislacrymaspretibusquoque:verba'pretanl

419 2685 526 2756 Perlegis
536 2700 546 2745 3
556 2696 582 2735 at
593 2685 711 2752 lacrymas
721 2683 785 2754 linge
794 2682 879 2738 videte
889 2702 966 2740 meat·
986 2725 991 2734 ,
