2392 3892
252 468 413 536 Irni-:re
436 461 466 533 I.
493 465 681 533 Eram
705 465 812 538 XIII.
844 487 918 562 139

235 599 885 675 fflss=o

338 737 366 799 E
385 739 411 801 L
432 740 458 802 E
479 740 510 802 G
531 741 545 802 I
566 741 596 802 A
646 740 711 804 XI
731 741 790 805 11.

211 836 298 961 Just
315 897 388 965 super
405 898 535 949 Oceanum
548 898 617 949 venit
633 915 645 948 a
663 899 755 950 seniore
770 897 875 961 marito,

242 973 317 1023 Flava
334 970 451 1037 pruinoso
469 988 521 1038 quae
538 972 606 1022 vehit
622 990 667 1021 axe
685 973 757 1023 diem.

213 1043 264 1109 Qud
275 1060 414 1112 properas,
429 1043 542 1095 Aurora?
554 1061 624 1096 mane
637 1062 645 1095 a
656 1045 692 1096 sic
701 1044 843 1098 Memnonis
852 1042 940 1096 umbris

242 1119 335 1170 Annua
350 1117 459 1168 sollemni
474 1120 540 1168 caede
556 1131 669 1184 parentet
683 1120 744 1171 avis.

213 1190 277 1243 Nunc
294 1192 364 1257 juvat
379 1191 403 1240 in
419 1192 509 1241 teneris
528 1192 629 1243 dominae
644 1191 741 1259 jacuisse
758 1192 875 1245 lacertis:
931 1205 945 1254 5

244 1265 269 1315 Si
285 1264 401 1331 quando,
419 1266 491 1314 lateri
507 1282 570 1314 nunc
587 1267 650 1314 bene
665 1265 744 1332 junsia
757 1286 813 1319 meo
829 1267 872 1317 esi.

215 1338 279 1388 Nunc
295 1337 369 1388 etiarn
385 1338 461 1387 somni
475 1337 596 1403 pingues,
618 1354 681 1386 nunc
697 1339 797 1406 frigidus
811 1341 917 1390 humor:

167 1429 169 1436 ¹
245 1411 277 1462 Et
291 1410 407 1478 liquidum
424 1410 492 1460 tenui
509 1422 607 1477 gutture
626 1422 707 1460 cantat
723 1412 784 1462 avis.

215 1482 269 1549 Qud
280 1499 420 1550 properas,
440 1483 533 1551 ingrata
551 1483 629 1542 viris,
649 1484 741 1551 ingrata
757 1482 868 1549 puellis?

245 1557 347 1618 Roscida
363 1557 484 1625 purpurei
502 1557 621 1623 supprime
638 1558 691 1607 lora
707 1574 789 1609 manu.
933 1567 966 1605 10

214 1629 274 1681 Ante
290 1641 349 1682 tuos
363 1644 431 1682 ortus
447 1628 532 1681 melitis
549 1631 589 1681 sua
605 1630 684 1681 sidera
699 1631 778 1682 servat

245 1704 354 1762 Navita;
374 1721 421 1755 nec
438 1704 517 1754 medii
533 1704 628 1754 nescius
644 1718 709 1755 errat
726 1704 798 1773 aqud.

213 1775 248 1825 Te
264 1776 357 1841 surgit,
377 1778 484 1844 quamvis
497 1777 586 1837 lassus,
606 1778 722 1829 veniente
738 1779 838 1828 viatore

246 1849 319 1900 Miles
338 1851 364 1901 dt
379 1852 501 1902 armiferas
517 1863 584 1917 aptat
600 1851 631 1901 ad
648 1870 711 1903 arma
727 1869 822 1903 manus.

213 1920 286 1971 Prima
303 1923 401 1975 bidente
417 1925 485 1976 vides
501 1938 616 1976 oneratos
632 1943 689 1976 arva
705 1928 838 1977 colentes:
930 1933 962 1983 15

246 1994 323 2045 Prima
338 2013 412 2047 vocas
430 1999 513 2048 tardos
528 1998 570 2048 sub
585 1997 642 2065 juga
658 2001 735 2066 panda
751 2002 838 2050 boves.

213 2065 249 2119 Tu
265 2085 355 2135 pueros
371 2071 454 2120 somno
470 2071 582 2128 fraudas,
600 2072 722 2135 tradisque
739 2070 874 2137 magistris3

246 2142 282 2192 Ut
298 2142 399 2191 subeant
414 2154 506 2190 tenerae
522 2143 625 2190 verbera
640 2141 702 2190 saeva
717 2158 811 2191 manus.

213 2211 290 2281 Atque
306 2214 394 2264 eadem
411 2212 521 2279 sponsum
538 2211 641 2261 consulti
658 2224 715 2261 anre
732 2213 792 2262 atria
807 2209 902 2268 mittis,

246 2288 324 2338 Unius
341 2299 369 2335 ut
382 2286 452 2336 verbi
468 2284 565 2353 grandia
582 2284 666 2333 damna
684 2285 756 2335 serat.
932 2294 967 2330 20

213 2359 264 2410 Nec
282 2372 309 2411 tu
327 2360 469 2418 causidico,
487 2375 534 2409 nec
548 2370 575 2407 tu
590 2356 696 2423 jucunda
712 2358 822 2409 disertos

248 2433 351 2500 Cogitur
370 2434 400 2483 ad
416 2433 472 2484 lites
490 2431 588 2500 surgere
604 2443 707 2499 uterque
725 2448 813 2484 novas.

214 2504 249 2555 Tu
263 2540 271 2565 ‚
293 2505 347 2556 cdm
361 2508 460 2558 feminei
474 2507 569 2573 possint
586 2504 674 2556 cessare
693 2507 810 2569 labores,

246 2578 377 2630 Lanificam
393 2598 495 2631 revocas
511 2582 542 2630 ad
559 2578 599 2629 sua
616 2580 690 2645 pensa
704 2597 811 2631 manum.

213 2651 301 2703 Omnia
316 2666 458 2718 perpeterer
472 2669 481 2703 ι
497 2653 538 2703 sed
555 2653 652 2719 surgere
668 2670 738 2704 mane
751 2653 847 2718 puellas
931 2661 964 2708 25

246 2724 331 2789 Quis,
349 2725 395 2773 nisi
411 2726 450 2774 cui
464 2741 513 2774 non
529 2725 563 2774 est
577 2727 627 2774 uisa
642 2727 743 2791 puella,
762 2720 851 2773 ferat)

213 2797 305 2865 Optavi
320 2796 438 2863 quoties,
455 2812 485 2846 ne
501 2812 551 2846 nox
565 2796 610 2845 tibi
625 2797 714 2847 cedere
731 2791 831 2845 vellet!
888 2857 901 2862 ,-

248 2873 305 2922 Neu
318 2872 432 2938 fugerent
446 2870 527 2919 vultus
543 2868 623 2918 sidera
639 2880 704 2917 mota
720 2868 798 2919 tuos!

213 2944 306 3011 Optavi
322 2943 438 3010 quoties,
458 2954 500 2992 aut
516 2953 604 2991 ventus
621 2940 745 3009 frangeret
761 2958 849 3001 axem,

248 3018 300 3067 Aut
315 3018 415 3069 caderet
430 3015 503 3083 spissi
517 3015 581 3065 nube
596 3025 706 3066 retentus
721 3013 817 3082 equus!
930 3027 964 3077 30

206 3085 316 3146 ¹invida,
335 3091 382 3156 qud
398 3086 537 3157 properas?
555 3088 621 3156 quod
637 3100 689 3138 erat
704 3089 747 3142 tibi
760 3087 822 3143 filius
838 3100 910 3147 ater,

253 3162 359 3214 Materni
373 3165 451 3217 fuerat
465 3163 570 3231 pedoris
586 3163 628 3214 ille
642 3164 722 3218 color·
