<?xml version="1.0" encoding="UTF-8"?>
<!DOCTYPE html PUBLIC "-//W3C//DTD XHTML 1.0 Transitional//EN"
    "http://www.w3.org/TR/xhtml1/DTD/xhtml1-transitional.dtd">
<html xmlns="http://www.w3.org/1999/xhtml" xml:lang="en" lang="en">
 <head>
  <title>
</title>
<meta http-equiv="Content-Type" content="text/html;charset=utf-8" />
  <meta name='ocr-system' content='tesseract 3.04.00' />
  <meta name='ocr-capabilities' content='ocr_page ocr_carea ocr_par ocr_line ocrx_word'/>
</head>
<body>
  <div class='ocr_page' id='page_1' title='image "./povidiinasoniso00heingoog_0247.png"; bbox 0 0 2392 3892; ppageno 0'>
   <div class='ocr_carea' id='block_1_1' title="bbox 312 438 929 536">
    <p class='ocr_par' dir='ltr' id='par_1_1' title="bbox 312 438 929 536">
     <span class='ocr_line' id='line_1_1' title="bbox 312 438 929 536; baseline -0.01 -23"><span class='ocrx_word' id='word_1_1' title='bbox 312 461 387 536; x_wconf 85' lang='lat'>230</span> <span class='ocrx_word' id='word_1_2' title='bbox 438 438 929 510; x_wconf 66' lang='lat' dir='ltr'>Orrntr-Nrsonrr</span> 
     </span>
    </p>
   </div>
   <div class='ocr_carea' id='block_1_2' title="bbox 196 556 1061 3103">
    <p class='ocr_par' dir='ltr' id='par_1_2' title="bbox 196 556 1061 3103">
     <span class='ocr_line' id='line_1_2' title="bbox 250 556 1022 627; baseline -0.004 -14"><span class='ocrx_word' id='word_1_3' title='bbox 250 562 301 627; x_wconf 83' lang='lat'>385</span> <span class='ocrx_word' id='word_1_4' title='bbox 313 561 370 611; x_wconf 87' lang='lat' dir='ltr'>Hoc</span> <span class='ocrx_word' id='word_1_5' title='bbox 386 562 450 608; x_wconf 90' lang='lat' dir='ltr'>bene</span> <span class='ocrx_word' id='word_1_6' title='bbox 466 559 636 626; x_wconf 84' lang='lat' dir='ltr'>compositos,</span> <span class='ocrx_word' id='word_1_7' title='bbox 654 559 703 607; x_wconf 85' lang='lat' dir='ltr'>hec</span> <span class='ocrx_word' id='word_1_8' title='bbox 719 556 803 607; x_wconf 82' lang='lat' dir='ltr'>firmos</span> <span class='ocrx_word' id='word_1_9' title='bbox 819 558 892 609; x_wconf 80' lang='lat' dir='ltr'>solvit</span> <span class='ocrx_word' id='word_1_10' title='bbox 908 570 1022 616; x_wconf 61' lang='lat' dir='ltr'>amores}</span> 
     </span>
     <span class='ocr_line' id='line_1_3' title="bbox 348 631 882 682; baseline 0.002 -1"><span class='ocrx_word' id='word_1_11' title='bbox 348 632 455 682; x_wconf 85' lang='lat' dir='ltr'>Crimina</span> <span class='ocrx_word' id='word_1_12' title='bbox 471 633 525 681; x_wconf 89' lang='lat' dir='ltr'>sunt</span> <span class='ocrx_word' id='word_1_13' title='bbox 542 633 618 682; x_wconf 84' lang='lat' dir='ltr'>cautis</span> <span class='ocrx_word' id='word_1_14' title='bbox 634 631 674 681; x_wconf 84' lang='lat' dir='ltr'>ista</span> <span class='ocrx_word' id='word_1_15' title='bbox 689 631 795 681; x_wconf 84' lang='lat' dir='ltr'>timenda</span> <span class='ocrx_word' id='word_1_16' title='bbox 806 632 882 682; x_wconf 59' lang='lat' dir='ltr'>uiris.</span> 
     </span>
     <span class='ocr_line' id='line_1_4' title="bbox 310 703 893 770; baseline 0 -15"><span class='ocrx_word' id='word_1_17' title='bbox 310 706 366 757; x_wconf 88' lang='lat' dir='ltr'>Nec</span> <span class='ocrx_word' id='word_1_18' title='bbox 381 722 435 755; x_wconf 88' lang='lat' dir='ltr'>mea</span> <span class='ocrx_word' id='word_1_19' title='bbox 452 721 499 756; x_wconf 83' lang='lat' dir='ltr'>vos</span> <span class='ocrx_word' id='word_1_20' title='bbox 514 707 555 755; x_wconf 90' lang='lat' dir='ltr'>uni</span> <span class='ocrx_word' id='word_1_21' title='bbox 570 708 667 754; x_wconf 85' lang='lat' dir='ltr'>damnat</span> <span class='ocrx_word' id='word_1_22' title='bbox 681 703 779 753; x_wconf 79' lang='lat' dir='ltr'>censura</span> <span class='ocrx_word' id='word_1_23' title='bbox 793 708 893 770; x_wconf 83' lang='lat' dir='ltr'>puellae.</span> 
     </span>
     <span class='ocr_line' id='line_1_5' title="bbox 347 771 927 844; baseline 0.003 -17"><span class='ocrx_word' id='word_1_24' title='bbox 347 771 382 828; x_wconf 90' lang='lat' dir='ltr'>Di</span> <span class='ocrx_word' id='word_1_25' title='bbox 398 778 483 830; x_wconf 81' lang='lat' dir='ltr'>melitis</span> <span class='ocrx_word' id='word_1_26' title='bbox 500 778 507 827; x_wconf 86' lang='grc'><strong>1</strong></span> <span class='ocrx_word' id='word_1_27' title='bbox 523 780 563 829; x_wconf 81' lang='lat' dir='ltr'>vix</span> <span class='ocrx_word' id='word_1_28' title='bbox 579 780 627 828; x_wconf 88' lang='lat' dir='ltr'>hoc</span> <span class='ocrx_word' id='word_1_29' title='bbox 642 789 719 844; x_wconf 80' lang='lat' dir='ltr'>nupta</span> <span class='ocrx_word' id='word_1_30' title='bbox 732 788 816 827; x_wconf 86' lang='lat' dir='ltr'>tenete</span> <span class='ocrx_word' id='word_1_31' title='bbox 834 777 927 842; x_wconf 86' lang='lat' dir='ltr'>potest.</span> 
     </span>
     <span class='ocr_line' id='line_1_6' title="bbox 310 850 905 915; baseline 0.005 -15"><span class='ocrx_word' id='word_1_32' title='bbox 310 850 399 901; x_wconf 79' lang='lat' dir='ltr'>Ludite</span> <span class='ocrx_word' id='word_1_33' title='bbox 415 869 423 903; x_wconf 80' lang='lat' dir='ltr'>t</span> <span class='ocrx_word' id='word_1_34' title='bbox 440 852 481 903; x_wconf 86' lang='lat' dir='ltr'>sed</span> <span class='ocrx_word' id='word_1_35' title='bbox 495 853 561 901; x_wconf 87' lang='lat' dir='ltr'>furto</span> <span class='ocrx_word' id='word_1_36' title='bbox 578 854 673 901; x_wconf 89' lang='lat' dir='ltr'>celetur</span> <span class='ocrx_word' id='word_1_37' title='bbox 689 851 760 915; x_wconf 80' lang='lat' dir='ltr'>culpa</span> <span class='ocrx_word' id='word_1_38' title='bbox 773 850 882 901; x_wconf 86' lang='lat' dir='ltr'>modesto</span> <span class='ocrx_word' id='word_1_39' title='bbox 895 868 905 903; x_wconf 78' lang='lat' dir='ltr'>t</span> 
     </span>
     <span class='ocr_line' id='line_1_7' title="bbox 251 923 816 992; baseline 0 -19"><span class='ocrx_word' id='word_1_40' title='bbox 251 936 304 989; x_wconf 86' lang='lat'>390</span> <span class='ocrx_word' id='word_1_41' title='bbox 351 924 437 976; x_wconf 82' lang='lat' dir='ltr'>Gloria</span> <span class='ocrx_word' id='word_1_42' title='bbox 453 926 548 992; x_wconf 82' lang='lat' dir='ltr'>peccati</span> <span class='ocrx_word' id='word_1_43' title='bbox 567 927 633 974; x_wconf 78' lang='lat' dir='ltr'>nulle</span> <span class='ocrx_word' id='word_1_44' title='bbox 649 924 755 989; x_wconf 83' lang='lat' dir='ltr'>petenda</span> <span class='ocrx_word' id='word_1_45' title='bbox 771 923 816 973; x_wconf 85' lang='lat' dir='ltr'>lui.</span> 
     </span>
     <span class='ocr_line' id='line_1_8' title="bbox 311 995 1022 1065; baseline 0.004 -19"><span class='ocrx_word' id='word_1_46' title='bbox 311 997 367 1047; x_wconf 89' lang='lat' dir='ltr'>Nec</span> <span class='ocrx_word' id='word_1_47' title='bbox 383 998 478 1050; x_wconf 83' lang='lat' dir='ltr'>dederis</span> <span class='ocrx_word' id='word_1_48' title='bbox 492 1014 577 1048; x_wconf 77' lang='lat' dir='ltr'>munus</span> <span class='ocrx_word' id='word_1_49' title='bbox 594 1030 604 1056; x_wconf 90' lang='lat'>,</span> <span class='ocrx_word' id='word_1_50' title='bbox 622 995 736 1064; x_wconf 80' lang='lat' dir='ltr'>coguolse</span> <span class='ocrx_word' id='word_1_51' title='bbox 751 996 818 1062; x_wconf 85' lang='lat' dir='ltr'>quod</span> <span class='ocrx_word' id='word_1_52' title='bbox 833 996 911 1047; x_wconf 77' lang='lat' dir='ltr'>altera</span> <span class='ocrx_word' id='word_1_53' title='bbox 925 998 1022 1065; x_wconf 66' lang='lat' dir='ltr'>possita</span> 
     </span>
     <span class='ocr_line' id='line_1_9' title="bbox 347 1072 954 1137; baseline -0.003 -16"><span class='ocrx_word' id='word_1_54' title='bbox 347 1072 402 1121; x_wconf 88' lang='lat' dir='ltr'>Nec</span> <span class='ocrx_word' id='word_1_55' title='bbox 418 1073 467 1123; x_wconf 85' lang='lat' dir='ltr'>siut</span> <span class='ocrx_word' id='word_1_56' title='bbox 482 1072 595 1137; x_wconf 74' lang='lat' dir='ltr'>nequitiae</span> <span class='ocrx_word' id='word_1_57' title='bbox 611 1083 723 1135; x_wconf 76' lang='lat' dir='ltr'>ternpore</span> <span class='ocrx_word' id='word_1_58' title='bbox 738 1079 806 1118; x_wconf 85' lang='lat' dir='ltr'>certa</span> <span class='ocrx_word' id='word_1_59' title='bbox 821 1081 882 1120; x_wconf 81' lang='lat' dir='ltr'>ruae.</span> <span class='ocrx_word' id='word_1_60' title='bbox 951 1123 954 1127; x_wconf 62' lang='grc'><em>,</em></span> 
     </span>
     <span class='ocr_line' id='line_1_10' title="bbox 218 1141 933 1208; baseline 0.001 -15"><span class='ocrx_word' id='word_1_61' title='bbox 218 1174 220 1177; x_wconf 59' lang='lat'>&gt;</span> <span class='ocrx_word' id='word_1_62' title='bbox 310 1143 362 1202; x_wconf 82' lang='lat' dir='ltr'>Et,</span> <span class='ocrx_word' id='word_1_63' title='bbox 382 1159 414 1195; x_wconf 84' lang='lat' dir='ltr'>ne</span> <span class='ocrx_word' id='word_1_64' title='bbox 430 1156 457 1195; x_wconf 84' lang='lat' dir='ltr'>te</span> <span class='ocrx_word' id='word_1_65' title='bbox 472 1143 570 1193; x_wconf 77' lang='lat' dir='ltr'>latebris</span> <span class='ocrx_word' id='word_1_66' title='bbox 586 1143 666 1208; x_wconf 81' lang='lat' dir='ltr'>capiat</span> <span class='ocrx_word' id='word_1_67' title='bbox 681 1141 832 1192; x_wconf 85' lang='lat' dir='ltr'>sibifemina</span> <span class='ocrx_word' id='word_1_68' title='bbox 848 1144 933 1204; x_wconf 81' lang='lat' dir='ltr'>notis,</span> 
     </span>
     <span class='ocr_line' id='line_1_11' title="bbox 239 1215 885 1266; baseline 0 -1"><span class='ocrx_word' id='word_1_69' title='bbox 239 1262 244 1266; x_wconf 88' lang='lat'><em>.</em></span> <span class='ocrx_word' id='word_1_70' title='bbox 346 1217 404 1265; x_wconf 88' lang='lat' dir='ltr'>Non</span> <span class='ocrx_word' id='word_1_71' title='bbox 420 1233 470 1266; x_wconf 90' lang='lat' dir='ltr'>uno</span> <span class='ocrx_word' id='word_1_72' title='bbox 486 1216 520 1265; x_wconf 87' lang='lat' dir='ltr'>est</span> <span class='ocrx_word' id='word_1_73' title='bbox 536 1216 617 1265; x_wconf 81' lang='lat' dir='ltr'>otnnis</span> <span class='ocrx_word' id='word_1_74' title='bbox 632 1215 800 1264; x_wconf 83' lang='lat' dir='ltr'>convenienda</span> <span class='ocrx_word' id='word_1_75' title='bbox 816 1217 885 1266; x_wconf 87' lang='lat' dir='ltr'>loco.</span> 
     </span>
     <span class='ocr_line' id='line_1_12' title="bbox 248 1287 1020 1354; baseline 0.001 -16"><span class='ocrx_word' id='word_1_76' title='bbox 248 1298 297 1351; x_wconf 80' lang='lat'>395</span> <span class='ocrx_word' id='word_1_77' title='bbox 309 1287 342 1339; x_wconf 78' lang='lat' dir='ltr'>Et</span> <span class='ocrx_word' id='word_1_78' title='bbox 356 1289 454 1354; x_wconf 83' lang='lat' dir='ltr'>quoties</span> <span class='ocrx_word' id='word_1_79' title='bbox 468 1290 575 1348; x_wconf 78' lang='lat' dir='ltr'>scribes,</span> <span class='ocrx_word' id='word_1_80' title='bbox 592 1300 658 1339; x_wconf 80' lang='lat' dir='ltr'>totas</span> <span class='ocrx_word' id='word_1_81' title='bbox 674 1288 740 1353; x_wconf 75' lang='lat' dir='ltr'>ptius</span> <span class='ocrx_word' id='word_1_82' title='bbox 757 1287 806 1353; x_wconf 91' lang='lat' dir='ltr'>ipse</span> <span class='ocrx_word' id='word_1_83' title='bbox 821 1291 924 1339; x_wconf 82' lang='lat' dir='ltr'>tabellas</span> <span class='ocrx_word' id='word_1_84' title='bbox 1017 1325 1020 1330; x_wconf 84' lang='lat'>-</span> 
     </span>
     <span class='ocr_line' id='line_1_13' title="bbox 252 1360 1003 1430; baseline 0.001 -19"><span class='ocrx_word' id='word_1_85' title='bbox 252 1371 259 1390; x_wconf 85' lang='lat'><strong><em>‘</em></strong></span> <span class='ocrx_word' id='word_1_86' title='bbox 329 1383 332 1388; x_wconf 95' lang='lat'>·</span> <span class='ocrx_word' id='word_1_87' title='bbox 346 1362 440 1428; x_wconf 83' lang='lat' dir='ltr'>inspice</span> <span class='ocrx_word' id='word_1_88' title='bbox 454 1364 529 1430; x_wconf 85' lang='lat' dir='ltr'>:plus</span> <span class='ocrx_word' id='word_1_89' title='bbox 545 1363 644 1419; x_wconf 80' lang='lat' dir='ltr'>multae,</span> <span class='ocrx_word' id='word_1_90' title='bbox 665 1364 736 1428; x_wconf 79' lang='lat' dir='ltr'>qu&#39;em</span> <span class='ocrx_word' id='word_1_91' title='bbox 750 1361 796 1410; x_wconf 87' lang='lat' dir='ltr'>sibi</span> <span class='ocrx_word' id='word_1_92' title='bbox 809 1360 894 1421; x_wconf 75' lang='lat' dir='ltr'>milla,</span> <span class='ocrx_word' id='word_1_93' title='bbox 910 1365 1003 1429; x_wconf 84' lang='lat' dir='ltr'>legunt.</span> 
     </span>
     <span class='ocr_line' id='line_1_14' title="bbox 308 1433 1020 1503; baseline 0.004 -19"><span class='ocrx_word' id='word_1_94' title='bbox 308 1433 374 1485; x_wconf 67' lang='lat' dir='ltr'>lasa</span> <span class='ocrx_word' id='word_1_95' title='bbox 387 1437 474 1492; x_wconf 83' lang='lat' dir='ltr'>Venus</span> <span class='ocrx_word' id='word_1_96' title='bbox 489 1435 549 1503; x_wconf 83' lang='lat' dir='ltr'>julla</span> <span class='ocrx_word' id='word_1_97' title='bbox 563 1452 628 1486; x_wconf 83' lang='lat' dir='ltr'>arma</span> <span class='ocrx_word' id='word_1_98' title='bbox 643 1446 746 1493; x_wconf 85' lang='lat' dir='ltr'>movet,</span> <span class='ocrx_word' id='word_1_99' title='bbox 762 1435 887 1501; x_wconf 88' lang='lat' dir='ltr'>telumque</span> <span class='ocrx_word' id='word_1_100' title='bbox 901 1437 1020 1487; x_wconf 82' lang='lat' dir='ltr'>remittit:</span> 
     </span>
     <span class='ocr_line' id='line_1_15' title="bbox 347 1506 1020 1575; baseline 0 -18"><span class='ocrx_word' id='word_1_101' title='bbox 347 1509 398 1568; x_wconf 83' lang='lat' dir='ltr'>Et,</span> <span class='ocrx_word' id='word_1_102' title='bbox 416 1510 491 1559; x_wconf 75' lang='lat' dir='ltr'>modd</span> <span class='ocrx_word' id='word_1_103' title='bbox 508 1510 574 1575; x_wconf 90' lang='lat' dir='ltr'>quod</span> <span class='ocrx_word' id='word_1_104' title='bbox 587 1506 668 1575; x_wconf 83' lang='lat' dir='ltr'>quella</span> <span class='ocrx_word' id='word_1_105' title='bbox 683 1506 735 1565; x_wconf 81' lang='lat' dir='ltr'>est,</span> <span class='ocrx_word' id='word_1_106' title='bbox 751 1506 800 1572; x_wconf 86' lang='lat' dir='ltr'>ipse</span> <span class='ocrx_word' id='word_1_107' title='bbox 816 1524 939 1573; x_wconf 82' lang='lat' dir='ltr'>querare,</span> <span class='ocrx_word' id='word_1_108' title='bbox 954 1510 1020 1562; x_wconf 77' lang='lat' dir='ltr'>lacit.</span> 
     </span>
     <span class='ocr_line' id='line_1_16' title="bbox 309 1580 876 1638; baseline 0 -9"><span class='ocrx_word' id='word_1_109' title='bbox 309 1580 377 1630; x_wconf 87' lang='lat' dir='ltr'>Dum</span> <span class='ocrx_word' id='word_1_110' title='bbox 391 1581 438 1633; x_wconf 82' lang='lat' dir='ltr'>luit</span> <span class='ocrx_word' id='word_1_111' title='bbox 452 1582 550 1636; x_wconf 74' lang='lat' dir='ltr'>Atrides</span> <span class='ocrx_word' id='word_1_112' title='bbox 565 1581 613 1632; x_wconf 73' lang='lat' dir='ltr'>und</span> <span class='ocrx_word' id='word_1_113' title='bbox 627 1591 757 1630; x_wconf 81' lang='lat' dir='ltr'>contentus</span> <span class='ocrx_word' id='word_1_114' title='bbox 768 1611 783 1638; x_wconf 87' lang='lat'>,.</span> <span class='ocrx_word' id='word_1_115' title='bbox 796 1580 822 1630; x_wconf 73' lang='grc' dir='ltr'>δι</span> <span class='ocrx_word' id='word_1_116' title='bbox 835 1581 876 1630; x_wconf 83' lang='lat' dir='ltr'>illa</span> 
     </span>
     <span class='ocr_line' id='line_1_17' title="bbox 247 1652 894 1719; baseline 0.006 -20"><span class='ocrx_word' id='word_1_117' title='bbox 247 1661 300 1711; x_wconf 78' lang='lat'>400</span> <span class='ocrx_word' id='word_1_118' title='bbox 347 1654 416 1704; x_wconf 77' lang='lat' dir='ltr'>Casta</span> <span class='ocrx_word' id='word_1_119' title='bbox 433 1655 479 1704; x_wconf 82' lang='lat' dir='ltr'>fuit</span> <span class='ocrx_word' id='word_1_120' title='bbox 495 1670 503 1705; x_wconf 69' lang='grc' dir='ltr'><strong>ε</strong></span> <span class='ocrx_word' id='word_1_121' title='bbox 518 1655 578 1704; x_wconf 78' lang='lat' dir='ltr'>vitio</span> <span class='ocrx_word' id='word_1_122' title='bbox 592 1652 627 1703; x_wconf 78' lang='lat' dir='ltr'>est</span> <span class='ocrx_word' id='word_1_123' title='bbox 640 1653 748 1719; x_wconf 75' lang='lat' dir='ltr'>improba</span> <span class='ocrx_word' id='word_1_124' title='bbox 762 1652 823 1703; x_wconf 65' lang='lat' dir='ltr'>salla</span> <span class='ocrx_word' id='word_1_125' title='bbox 839 1654 894 1703; x_wconf 85' lang='lat' dir='ltr'>viri.</span> 
     </span>
     <span class='ocr_line' id='line_1_18' title="bbox 250 1719 1061 1794; baseline 0.005 -20"><span class='ocrx_word' id='word_1_126' title='bbox 250 1721 253 1726; x_wconf 78' lang='lat'>&#39;</span> <span class='ocrx_word' id='word_1_127' title='bbox 292 1719 427 1777; x_wconf 62' lang='lat' dir='ltr'>{Audierat</span> <span class='ocrx_word' id='word_1_128' title='bbox 441 1730 583 1794; x_wconf 84' lang='lat' dir='ltr'>laurumque</span> <span class='ocrx_word' id='word_1_129' title='bbox 598 1742 671 1775; x_wconf 84' lang='lat' dir='ltr'>manu</span> <span class='ocrx_word' id='word_1_130' title='bbox 685 1725 805 1792; x_wconf 78' lang='lat' dir='ltr'>vittasque</span> <span class='ocrx_word' id='word_1_131' title='bbox 820 1726 943 1777; x_wconf 85' lang='lat' dir='ltr'>ferentem</span> <span class='ocrx_word' id='word_1_132' title='bbox 1015 1722 1020 1763; x_wconf 86' lang='lat'>.&#39;</span> <span class='ocrx_word' id='word_1_133' title='bbox 1055 1752 1061 1761; x_wconf 81' lang='lat'><em>-</em></span> 
     </span>
     <span class='ocr_line' id='line_1_19' title="bbox 346 1797 839 1867; baseline -0.002 -18"><span class='ocrx_word' id='word_1_134' title='bbox 346 1798 395 1849; x_wconf 84' lang='lat' dir='ltr'>Pro</span> <span class='ocrx_word' id='word_1_135' title='bbox 411 1800 469 1850; x_wconf 61' lang='lat' dir='ltr'>nati</span> <span class='ocrx_word' id='word_1_136' title='bbox 484 1799 593 1867; x_wconf 86' lang='lat' dir='ltr'>Chrysen</span> <span class='ocrx_word' id='word_1_137' title='bbox 610 1816 659 1849; x_wconf 89' lang='lat' dir='ltr'>non</span> <span class='ocrx_word' id='word_1_138' title='bbox 674 1797 771 1847; x_wconf 80' lang='lat' dir='ltr'>valuiffe</span> <span class='ocrx_word' id='word_1_139' title='bbox 787 1797 839 1848; x_wconf 66' lang='lat' dir='ltr'>sud.</span> 
     </span>
     <span class='ocr_line' id='line_1_20' title="bbox 308 1869 912 1938; baseline 0.003 -18"><span class='ocrx_word' id='word_1_140' title='bbox 308 1869 445 1930; x_wconf 78' lang='lat' dir='ltr'>Audierat,</span> <span class='ocrx_word' id='word_1_141' title='bbox 465 1872 587 1938; x_wconf 84' lang='lat' dir='ltr'>Lyrnesi,</span> <span class='ocrx_word' id='word_1_142' title='bbox 607 1882 663 1920; x_wconf 85' lang='lat' dir='ltr'>tuos</span> <span class='ocrx_word' id='word_1_143' title='bbox 676 1870 776 1920; x_wconf 71' lang='lat' dir='ltr'>abducta</span> <span class='ocrx_word' id='word_1_144' title='bbox 791 1871 912 1931; x_wconf 80' lang='lat' dir='ltr'>dolores3</span> 
     </span>
     <span class='ocr_line' id='line_1_21' title="bbox 196 1938 892 2009; baseline 0.004 -18"><span class='ocrx_word' id='word_1_145' title='bbox 196 1998 197 2002; x_wconf 11' lang='grc' dir='ltr'><strong>Ἰ</strong></span> <span class='ocrx_word' id='word_1_146' title='bbox 344 1943 459 2009; x_wconf 77' lang='lat' dir='ltr'>Bellaque</span> <span class='ocrx_word' id='word_1_147' title='bbox 475 1959 518 2009; x_wconf 87' lang='lat' dir='ltr'>per</span> <span class='ocrx_word' id='word_1_148' title='bbox 534 1956 617 2008; x_wconf 84' lang='lat' dir='ltr'>turpes</span> <span class='ocrx_word' id='word_1_149' title='bbox 633 1940 727 2008; x_wconf 75' lang='lat' dir='ltr'>iungitis</span> <span class='ocrx_word' id='word_1_150' title='bbox 743 1942 784 1991; x_wconf 81' lang='lat' dir='ltr'>ille</span> <span class='ocrx_word' id='word_1_151' title='bbox 801 1938 892 1995; x_wconf 69' lang='lat' dir='ltr'>morae.</span> 
     </span>
     <span class='ocr_line' id='line_1_22' title="bbox 244 2012 974 2084; baseline 0.005 -19"><span class='ocrx_word' id='word_1_152' title='bbox 244 2023 297 2073; x_wconf 84' lang='lat'>405</span> <span class='ocrx_word' id='word_1_153' title='bbox 309 2012 371 2068; x_wconf 77' lang='lat' dir='ltr'>llaec</span> <span class='ocrx_word' id='word_1_154' title='bbox 385 2028 466 2067; x_wconf 82' lang='lat' dir='ltr'>tamen</span> <span class='ocrx_word' id='word_1_155' title='bbox 480 2017 590 2066; x_wconf 89' lang='lat' dir='ltr'>audierat</span> <span class='ocrx_word' id='word_1_156' title='bbox 605 2031 614 2065; x_wconf 77' lang='lat' dir='ltr'>r</span> <span class='ocrx_word' id='word_1_157' title='bbox 629 2012 765 2065; x_wconf 75' lang='lat' dir='ltr'>Priameide</span> <span class='ocrx_word' id='word_1_158' title='bbox 778 2016 874 2067; x_wconf 82' lang='lat' dir='ltr'>viderat</span> <span class='ocrx_word' id='word_1_159' title='bbox 889 2018 974 2084; x_wconf 82' lang='lat' dir='ltr'>ipsam.</span> 
     </span>
     <span class='ocr_line' id='line_1_23' title="bbox 344 2089 899 2156; baseline -0.002 -13"><span class='ocrx_word' id='word_1_160' title='bbox 344 2089 431 2143; x_wconf 68' lang='lat' dir='ltr'>Victor</span> <span class='ocrx_word' id='word_1_161' title='bbox 447 2106 501 2141; x_wconf 79' lang='lat' dir='ltr'>eras</span> <span class='ocrx_word' id='word_1_162' title='bbox 516 2089 603 2156; x_wconf 78' lang='lat' dir='ltr'>praedae</span> <span class='ocrx_word' id='word_1_163' title='bbox 617 2089 698 2155; x_wconf 79' lang='lat' dir='ltr'>praedr</span> <span class='ocrx_word' id='word_1_164' title='bbox 712 2089 824 2155; x_wconf 86' lang='lat' dir='ltr'>pudenda</span> <span class='ocrx_word' id='word_1_165' title='bbox 840 2101 899 2142; x_wconf 81' lang='lat' dir='ltr'>tute.</span> 
     </span>
     <span class='ocr_line' id='line_1_24' title="bbox 307 2159 1021 2232; baseline 0.006 -21"><span class='ocrx_word' id='word_1_166' title='bbox 307 2161 367 2213; x_wconf 85' lang='lat' dir='ltr'>inde</span> <span class='ocrx_word' id='word_1_167' title='bbox 380 2163 545 2232; x_wconf 69' lang='lat' dir='ltr'>‘Thyestiaden</span> <span class='ocrx_word' id='word_1_168' title='bbox 560 2164 715 2227; x_wconf 79' lang='lat' dir='ltr'>thalamoque</span> <span class='ocrx_word' id='word_1_169' title='bbox 732 2162 860 2230; x_wconf 80' lang='lat' dir='ltr'>animoque</span> <span class='ocrx_word' id='word_1_170' title='bbox 874 2165 993 2231; x_wconf 76' lang='lat' dir='ltr'>recepit3</span> <span class='ocrx_word' id='word_1_171' title='bbox 1019 2159 1021 2164; x_wconf 61' lang='grc'>’</span> 
     </span>
     <span class='ocr_line' id='line_1_25' title="bbox 256 2235 918 2305; baseline -0.005 -17"><span class='ocrx_word' id='word_1_172' title='bbox 256 2299 259 2305; x_wconf 31' lang='grc' dir='ltr'>Ι</span> <span class='ocrx_word' id='word_1_173' title='bbox 344 2237 376 2287; x_wconf 88' lang='lat' dir='ltr'>Et</span> <span class='ocrx_word' id='word_1_174' title='bbox 392 2240 454 2288; x_wconf 86' lang='lat' dir='ltr'>male</span> <span class='ocrx_word' id='word_1_175' title='bbox 470 2249 614 2303; x_wconf 80' lang='lat' dir='ltr'>peccantem</span> <span class='ocrx_word' id='word_1_176' title='bbox 630 2235 751 2304; x_wconf 81' lang='lat' dir='ltr'>Tyndaris</span> <span class='ocrx_word' id='word_1_177' title='bbox 766 2237 816 2285; x_wconf 88' lang='lat' dir='ltr'>ulta</span> <span class='ocrx_word' id='word_1_178' title='bbox 831 2236 918 2286; x_wconf 82' lang='lat' dir='ltr'>virum.</span> 
     </span>
     <span class='ocr_line' id='line_1_26' title="bbox 308 2308 983 2375; baseline 0.001 -16"><span class='ocrx_word' id='word_1_179' title='bbox 308 2308 371 2373; x_wconf 65' lang='lat' dir='ltr'>Qtoe</span> <span class='ocrx_word' id='word_1_180' title='bbox 385 2312 447 2360; x_wconf 89' lang='lat' dir='ltr'>bene</span> <span class='ocrx_word' id='word_1_181' title='bbox 464 2311 568 2367; x_wconf 78' lang='lat' dir='ltr'>celeris,</span> <span class='ocrx_word' id='word_1_182' title='bbox 585 2310 605 2359; x_wconf 84' lang='lat' dir='ltr'>si</span> <span class='ocrx_word' id='word_1_183' title='bbox 622 2326 669 2374; x_wconf 84' lang='lat' dir='ltr'>qua</span> <span class='ocrx_word' id='word_1_184' title='bbox 685 2320 766 2358; x_wconf 84' lang='lat' dir='ltr'>tamen</span> <span class='ocrx_word' id='word_1_185' title='bbox 780 2309 830 2358; x_wconf 69' lang='lat' dir='ltr'>alle</span> <span class='ocrx_word' id='word_1_186' title='bbox 843 2311 983 2375; x_wconf 79' lang='lat' dir='ltr'>patebunt,</span> 
     </span>
     <span class='ocr_line' id='line_1_27' title="bbox 242 2383 915 2449; baseline -0.009 -12"><span class='ocrx_word' id='word_1_187' title='bbox 242 2388 298 2437; x_wconf 76' lang='lat'>4¹0</span> <span class='ocrx_word' id='word_1_188' title='bbox 343 2383 388 2433; x_wconf 88' lang='lat' dir='ltr'>llla</span> <span class='ocrx_word' id='word_1_189' title='bbox 404 2386 463 2434; x_wconf 89' lang='lat' dir='ltr'>licet</span> <span class='ocrx_word' id='word_1_190' title='bbox 478 2393 596 2449; x_wconf 80' lang='lat' dir='ltr'>pateant,</span> <span class='ocrx_word' id='word_1_191' title='bbox 614 2393 642 2432; x_wconf 92' lang='lat' dir='ltr'>tu</span> <span class='ocrx_word' id='word_1_192' title='bbox 656 2394 736 2431; x_wconf 85' lang='lat' dir='ltr'>tamen</span> <span class='ocrx_word' id='word_1_193' title='bbox 753 2398 828 2448; x_wconf 86' lang='lat' dir='ltr'>usque</span> <span class='ocrx_word' id='word_1_194' title='bbox 842 2397 915 2448; x_wconf 86' lang='lat' dir='ltr'>nega.</span> 
     </span>
     <span class='ocr_line' id='line_1_28' title="bbox 306 2452 975 2521; baseline 0.007 -20"><span class='ocrx_word' id='word_1_195' title='bbox 306 2452 373 2503; x_wconf 85' lang='lat' dir='ltr'>Tum</span> <span class='ocrx_word' id='word_1_196' title='bbox 387 2471 466 2521; x_wconf 88' lang='lat' dir='ltr'>neque</span> <span class='ocrx_word' id='word_1_197' title='bbox 481 2456 619 2521; x_wconf 68' lang='lat' dir='ltr'>subjectus,</span> <span class='ocrx_word' id='word_1_198' title='bbox 638 2455 709 2503; x_wconf 90' lang='lat' dir='ltr'>solito</span> <span class='ocrx_word' id='word_1_199' title='bbox 723 2471 770 2505; x_wconf 89' lang='lat' dir='ltr'>nec</span> <span class='ocrx_word' id='word_1_200' title='bbox 786 2455 895 2505; x_wconf 87' lang='lat' dir='ltr'>blandior</span> <span class='ocrx_word' id='word_1_201' title='bbox 910 2455 975 2510; x_wconf 68' lang='lat' dir='ltr'>elim·</span> 
     </span>
     <span class='ocr_line' id='line_1_29' title="bbox 342 2526 931 2595; baseline 0.007 -21"><span class='ocrx_word' id='word_1_202' title='bbox 342 2526 401 2576; x_wconf 82' lang='lat' dir='ltr'>Haec</span> <span class='ocrx_word' id='word_1_203' title='bbox 417 2527 488 2576; x_wconf 85' lang='lat' dir='ltr'>animi</span> <span class='ocrx_word' id='word_1_204' title='bbox 504 2528 605 2577; x_wconf 88' lang='lat' dir='ltr'>multum</span> <span class='ocrx_word' id='word_1_205' title='bbox 620 2528 687 2595; x_wconf 83' lang='lat' dir='ltr'>signa</span> <span class='ocrx_word' id='word_1_206' title='bbox 702 2528 813 2578; x_wconf 83' lang='lat' dir='ltr'>nocentis</span> <span class='ocrx_word' id='word_1_207' title='bbox 830 2530 931 2578; x_wconf 84' lang='lat' dir='ltr'>habent.</span> 
     </span>
     <span class='ocr_line' id='line_1_30' title="bbox 305 2595 938 2667; baseline 0.006 -20"><span class='ocrx_word' id='word_1_208' title='bbox 305 2595 354 2647; x_wconf 84' lang='lat' dir='ltr'>Sed</span> <span class='ocrx_word' id='word_1_209' title='bbox 370 2599 440 2649; x_wconf 84' lang='lat' dir='ltr'>lateri</span> <span class='ocrx_word' id='word_1_210' title='bbox 456 2615 502 2648; x_wconf 87' lang='lat' dir='ltr'>nec</span> <span class='ocrx_word' id='word_1_211' title='bbox 517 2616 590 2664; x_wconf 84' lang='lat' dir='ltr'>parce</span> <span class='ocrx_word' id='word_1_212' title='bbox 605 2612 650 2649; x_wconf 89' lang='lat' dir='ltr'>tuo</span> <span class='ocrx_word' id='word_1_213' title='bbox 666 2618 674 2652; x_wconf 71' lang='grc' dir='ltr'><strong><em>ε</em></strong></span> <span class='ocrx_word' id='word_1_214' title='bbox 690 2619 738 2667; x_wconf 80' lang='lat' dir='ltr'>pax</span> <span class='ocrx_word' id='word_1_215' title='bbox 754 2601 831 2651; x_wconf 83' lang='lat' dir='ltr'>omnis</span> <span class='ocrx_word' id='word_1_216' title='bbox 847 2602 872 2649; x_wconf 84' lang='lat' dir='ltr'>in</span> <span class='ocrx_word' id='word_1_217' title='bbox 886 2618 938 2651; x_wconf 85' lang='lat' dir='ltr'>uno</span> 
     </span>
     <span class='ocr_line' id='line_1_31' title="bbox 342 2670 908 2738; baseline 0.002 -17"><span class='ocrx_word' id='word_1_218' title='bbox 342 2670 480 2722; x_wconf 87' lang='lat' dir='ltr'>Concubitu</span> <span class='ocrx_word' id='word_1_219' title='bbox 498 2674 588 2738; x_wconf 80' lang='lat' dir='ltr'>:prior</span> <span class='ocrx_word' id='word_1_220' title='bbox 605 2673 653 2723; x_wconf 90' lang='lat' dir='ltr'>hoc</span> <span class='ocrx_word' id='word_1_221' title='bbox 669 2674 796 2725; x_wconf 79' lang='lat' dir='ltr'>inficianda</span> <span class='ocrx_word' id='word_1_222' title='bbox 812 2675 908 2725; x_wconf 78' lang='lat' dir='ltr'>Venus.</span> 
     </span>
     <span class='ocr_line' id='line_1_32' title="bbox 242 2742 996 2814; baseline 0.001 -16"><span class='ocrx_word' id='word_1_223' title='bbox 242 2749 295 2802; x_wconf 85' lang='lat'>4¹5</span> <span class='ocrx_word' id='word_1_224' title='bbox 306 2742 386 2804; x_wconf 88' lang='lat' dir='ltr'>Sunt,</span> <span class='ocrx_word' id='word_1_225' title='bbox 403 2747 443 2813; x_wconf 89' lang='lat' dir='ltr'>qui</span> <span class='ocrx_word' id='word_1_226' title='bbox 457 2746 599 2814; x_wconf 73' lang='lat' dir='ltr'>praecipiant</span> <span class='ocrx_word' id='word_1_227' title='bbox 613 2747 720 2807; x_wconf 86' lang='lat' dir='ltr'>herbas,</span> <span class='ocrx_word' id='word_1_228' title='bbox 737 2748 858 2808; x_wconf 79' lang='lat' dir='ltr'>satureia,</span> <span class='ocrx_word' id='word_1_229' title='bbox 875 2758 996 2799; x_wconf 70' lang='lat' dir='ltr'>nocentes</span> 
     </span>
     <span class='ocr_line' id='line_1_33' title="bbox 341 2818 889 2885; baseline 0.009 -19"><span class='ocrx_word' id='word_1_230' title='bbox 341 2818 441 2870; x_wconf 84' lang='lat' dir='ltr'>Sumere</span> <span class='ocrx_word' id='word_1_231' title='bbox 458 2836 466 2869; x_wconf 72' lang='grc' dir='ltr'><em>τ</em></span> <span class='ocrx_word' id='word_1_232' title='bbox 481 2818 576 2885; x_wconf 70' lang='lat' dir='ltr'>judiciis</span> <span class='ocrx_word' id='word_1_233' title='bbox 591 2820 632 2869; x_wconf 87' lang='lat' dir='ltr'>ista</span> <span class='ocrx_word' id='word_1_234' title='bbox 646 2837 741 2885; x_wconf 84' lang='lat' dir='ltr'>venena</span> <span class='ocrx_word' id='word_1_235' title='bbox 757 2822 826 2871; x_wconf 82' lang='lat' dir='ltr'>meis·</span> <span class='ocrx_word' id='word_1_236' title='bbox 887 2844 889 2848; x_wconf 95' lang='lat'>·</span> 
     </span>
     <span class='ocr_line' id='line_1_34' title="bbox 304 2887 903 2957; baseline 0 -19"><span class='ocrx_word' id='word_1_237' title='bbox 304 2887 355 2939; x_wconf 76' lang='lat' dir='ltr'>Aut</span> <span class='ocrx_word' id='word_1_238' title='bbox 369 2892 438 2957; x_wconf 88' lang='lat' dir='ltr'>piper</span> <span class='ocrx_word' id='word_1_239' title='bbox 451 2892 536 2942; x_wconf 84' lang='lat' dir='ltr'>urticae</span> <span class='ocrx_word' id='word_1_240' title='bbox 551 2894 668 2944; x_wconf 79' lang='lat' dir='ltr'>mordacis</span> <span class='ocrx_word' id='word_1_241' title='bbox 686 2895 773 2944; x_wconf 82' lang='lat' dir='ltr'>semine</span> <span class='ocrx_word' id='word_1_242' title='bbox 786 2892 903 2947; x_wconf 76' lang='lat' dir='ltr'>miscent,</span> 
     </span>
     <span class='ocr_line' id='line_1_35' title="bbox 288 2962 903 3032; baseline -0.011 -14"><span class='ocrx_word' id='word_1_243' title='bbox 288 3011 291 3018; x_wconf 95' lang='grc'><em>,</em></span> <span class='ocrx_word' id='word_1_244' title='bbox 341 2962 457 3031; x_wconf 79' lang='lat' dir='ltr'>Tritaque</span> <span class='ocrx_word' id='word_1_245' title='bbox 473 2964 498 3013; x_wconf 90' lang='lat' dir='ltr'>in</span> <span class='ocrx_word' id='word_1_246' title='bbox 514 2965 605 3015; x_wconf 80' lang='lat' dir='ltr'>annoso</span> <span class='ocrx_word' id='word_1_247' title='bbox 619 2966 680 3014; x_wconf 84' lang='lat' dir='ltr'>flava</span> <span class='ocrx_word' id='word_1_248' title='bbox 696 2965 809 3032; x_wconf 87' lang='lat' dir='ltr'>pyrethra</span> <span class='ocrx_word' id='word_1_249' title='bbox 825 2977 903 3011; x_wconf 85' lang='lat' dir='ltr'>mero.</span> 
     </span>
     <span class='ocr_line' id='line_1_36' title="bbox 305 3033 1021 3103; baseline -0.003 -20"><span class='ocrx_word' id='word_1_250' title='bbox 305 3033 354 3083; x_wconf 85' lang='lat' dir='ltr'>Sed</span> <span class='ocrx_word' id='word_1_251' title='bbox 369 3035 426 3085; x_wconf 86' lang='lat' dir='ltr'>Dea</span> <span class='ocrx_word' id='word_1_252' title='bbox 442 3053 491 3087; x_wconf 86' lang='lat' dir='ltr'>non</span> <span class='ocrx_word' id='word_1_253' title='bbox 507 3040 597 3103; x_wconf 84' lang='lat' dir='ltr'>patitur</span> <span class='ocrx_word' id='word_1_254' title='bbox 612 3039 647 3087; x_wconf 89' lang='lat' dir='ltr'>sic</span> <span class='ocrx_word' id='word_1_255' title='bbox 663 3038 693 3085; x_wconf 86' lang='lat' dir='ltr'>ad</span> <span class='ocrx_word' id='word_1_256' title='bbox 709 3038 748 3085; x_wconf 83' lang='lat' dir='ltr'>sua</span> <span class='ocrx_word' id='word_1_257' title='bbox 764 3033 849 3099; x_wconf 83' lang='lat' dir='ltr'>gaudia</span> <span class='ocrx_word' id='word_1_258' title='bbox 864 3033 943 3100; x_wconf 74' lang='lat' dir='ltr'>cogi,¹</span> <span class='ocrx_word' id='word_1_259' title='bbox 1019 3075 1021 3078; x_wconf 96' lang='lat'>.</span> 
     </span>
    </p>
   </div>
   <div class='ocr_carea' id='block_1_3' title="bbox 164 3105 985 3179">
    <p class='ocr_par' dir='ltr' id='par_1_3' title="bbox 164 3105 985 3179">
     <span class='ocr_line' id='line_1_37' title="bbox 164 3105 985 3179; baseline -0.001 -20"><span class='ocrx_word' id='word_1_260' title='bbox 164 3156 166 3159; x_wconf 10' lang='grc' dir='ltr'><em>Α</em></span> <span class='ocrx_word' id='word_1_261' title='bbox 240 3115 294 3164; x_wconf 85' lang='lat'>420</span> <span class='ocrx_word' id='word_1_262' title='bbox 341 3105 413 3157; x_wconf 85' lang='lat' dir='ltr'>Colle</span> <span class='ocrx_word' id='word_1_263' title='bbox 423 3107 469 3159; x_wconf 78' lang='lat' dir='ltr'>sub</span> <span class='ocrx_word' id='word_1_264' title='bbox 482 3111 596 3161; x_wconf 83' lang='lat' dir='ltr'>umbroso</span> <span class='ocrx_word' id='word_1_265' title='bbox 612 3125 682 3178; x_wconf 79' lang='lat' dir='ltr'>quem</span> <span class='ocrx_word' id='word_1_266' title='bbox 697 3116 766 3157; x_wconf 86' lang='lat' dir='ltr'>tenet</span> <span class='ocrx_word' id='word_1_267' title='bbox 781 3107 843 3160; x_wconf 81' lang='lat' dir='ltr'>altus</span> <span class='ocrx_word' id='word_1_268' title='bbox 856 3106 936 3179; x_wconf 83' lang='lat' dir='ltr'>Eryx,</span> <span class='ocrx_word' id='word_1_269' title='bbox 976 3141 985 3149; x_wconf 87' lang='lat'><em>-</em></span> 
     </span>
    </p>
   </div>
   <div class='ocr_carea' id='block_1_4' title="bbox 0 0 1200 3892">
    <p class='ocr_par' dir='ltr' id='par_1_4' title="bbox 0 0 1200 3892">
     <span class='ocr_line' id='line_1_38' title="bbox 0 0 1200 3892; baseline 0 4"><span class='ocrx_word' id='word_1_270' title='bbox 0 0 1200 3892; x_wconf 95' lang='lat' dir='ltr'> </span> 
     </span>
    </p>
   </div>
  </div>
 </body>
</html>
