2392 3892
308 419 383 490 280
439 418 646 488 OVIDII
671 417 923 488 Naroma·

1059 269 1064 464 l

307 537 358 601 Qui
368 536 453 586 Puteal
464 537 598 604 Janumque
612 536 682 586 timet
693 570 701 596 ,
721 537 866 605 celeresque
877 536 1011 598 Kalendasj
1047 585 1061 596 ,.

343 612 471 676 Torqueat
487 611 550 659 hunc
568 610 621 660 aeris
639 622 719 659 mutua
736 611 825 660 summa
841 611 885 661 sui.

308 684 356 733 Cui
373 697 442 750 pater
457 682 490 733 est
507 676 596 740 dutus,
615 684 679 733 votis
694 696 720 733 ut
738 696 820 733 cetera
838 685 948 743 cedant,
992 707 996 721 ι

345 756 410 806 Huic
426 771 495 823 pater
511 768 567 806 ante
584 759 670 806 oculos
688 757 760 807 dutus
776 758 902 809 habendus
919 758 975 809 erit.

249 830 298 894 565
309 829 357 880 llic
374 830 436 879 male
452 830 535 880 dotati
549 847 640 896 pauper
656 820 834 898 cum‘conjuge
849 831 929 881 vivite

344 903 455 953 Uxorem
470 904 521 952 sato
538 903 621 953 credat
638 902 718 953 obesse
733 903 785 953 suo.

309 976 349 1028 Est
364 976 409 1026 tibi
424 993 479 1028 rute
495 978 561 1025 bono
579 977 703 1043 generose
719 976 805 1025 fertilis
821 992 876 1026 uvat

345 1050 427 1102 Vinea
443 1065 451 1099 a
467 1065 498 1099 ne
513 1048 612 1099 nascens
628 1066 675 1098 uva
691 1049 722 1099 sit
738 1048 807 1108 usta,
824 1049 894 1098 time.

309 1124 355 1174 llle
369 1124 443 1172 habet
457 1122 482 1170 in
495 1122 575 1171 reditu
590 1122 689 1171 navimt
709 1138 774 1170 mare
789 1122 883 1188 semper
895 1119 999 1187 iniquum

248 1212 300 1263 570
346 1195 465 1263 Cogitet,
486 1194 512 1245 δι
529 1194 616 1243 damno
634 1195 706 1244 litora
724 1195 789 1244 foeda
805 1194 859 1245 suo.

311 1268 384 1320 Filius
399 1269 463 1318 hunc
478 1267 566 1325 miles,
586 1280 613 1317 te
627 1266 676 1317 filia
692 1268 778 1318 nubilis
794 1279 893 1334 angant.

338 1340 379 1391 -Et
396 1342 448 1407 quis
464 1358 514 1391 non
530 1340 612 1391 causas
628 1342 692 1391 mille
708 1340 798 1391 doloris
814 1336 912 1390 habeti

311 1414 349 1465 Ut
364 1415 444 1480 possis
461 1414 534 1466 odisse
550 1426 635 1473 tuam,
657 1414 729 1472 Pati,
746 1414 831 1465 funera
845 1413 948 1463 fratrum

348 1488 477 1538 Debueras
495 1484 726 1551 oculissubstituisl'e'
744 1488 801 1537 tuis.

253 1576 285 1627 57
287 1578 303 1627 5
312 1559 383 1611 Plura
401 1563 564 1628 loquebatut3
585 1560 705 1627 placidum
721 1559 818 1626 puerilis
835 1558 916 1625 imago

348 1633 463 1685 Destituit
478 1634 584 1683 somnum
601 1650 608 1684 a
624 1634 644 1683 si
660 1631 733 1683 modo
748 1633 842 1682 somnus
861 1648 925 1682 erat.

313 1706 381 1771 Quid
396 1705 503 1757 sociam?
523 1706 603 1757 medii
618 1706 696 1755 navim
711 1704 834 1756 Palinurus
849 1705 874 1755 iu
892 1704 955 1754 unda

350 1780 449 1830 Deserit
467 1796 475 1829 a
492 1780 587 1847 ignotas
605 1795 681 1846 cogor
696 1779 756 1827 inire
772 1779 833 1828 vias.

314 1850 429 1917 Quisquis
440 1869 522 1909 amas,
540 1854 596 1900 loca
611 1853 659 1900 sola
676 1861 767 1900 nocent
779 1883 785 1907 ‚
801 1852 856 1899 loca
867 1850 919 1899 sola
930 1861 1020 1901 caveto·

251 1921 303 1988 580
350 1922 408 1987 Qud
425 1921 508 1990 sugis?
525 1924 550 1973 in
564 1924 656 1988 populo
671 1922 747 1973 tutior
761 1922 808 1971 elle
825 1936 910 1988 potes.

312 1996 371 2047 Non
386 1996 429 2047 tibi
445 1996 562 2054 secretis,
578 2007 668 2064 augent
685 1996 776 2045 secreta
792 1995 910 2054 sutores,

351 2069 389 2118 Est
405 2086 466 2136 opus
483 2086 491 2120 t
506 2069 596 2120 auxilio
613 2070 682 2119 turba
699 2070 780 2119 sutura
795 2068 839 2118 tibi
855 2069 899 2118 est.

315 2142 400 2193 Tristis
417 2145 483 2202 eris,
502 2143 523 2192 si
538 2144 604 2193 solus
621 2142 667 2193 eris
684 2159 691 2192 ε
710 2141 860 2208 dominaque
877 2140 968 2192 relislae

352 2215 416 2267 Ante
435 2218 521 2267 oculos
538 2216 613 2266 saties
631 2216 717 2272 stabit,
736 2228 764 2264 ut
778 2215 847 2279 ipsa,
864 2226 932 2264 tuos.

254 2286 286 2351 58
292 2303 303 2351 5
315 2288 414 2340 Tristior
431 2290 523 2339 idcirco
540 2306 589 2339 nox
612 2289 664 2348 est,
683 2292 753 2355 quam
769 2300 879 2354 tempora
895 2283 999 2337 Phoebi:
1026 2348 1034 2366 .

351 2361 414 2425 Quae
430 2364 524 2412 relevet
539 2362 616 2412 ludius
630 2395 637 2421 ,
653 2363 723 2411 turba
741 2360 826 2410 sodalis
844 2360 918 2409 abest.

314 2434 368 2484 Nec
384 2436 441 2501 suge
458 2436 606 2499 colloquium
627 2450 634 2483 τ
651 2451 696 2484 nec
716 2434 746 2483 sit
763 2434 807 2482 tibi
823 2432 895 2499 janua
912 2430 1010 2494 clausa:

351 2508 405 2559 Nec
422 2507 529 2557 tenebris
546 2507 628 2556 vultus
642 2505 728 2555 flebilis
746 2506 807 2554 abde
824 2519 891 2556 tuos.

314 2581 414 2646 Semper
427 2582 489 2630 habe
506 2578 637 2647 Pyladen,
654 2578 695 2645 qui
711 2579 850 2628 consoletur
868 2575 985 2629 Oresten.

255 2666 305 2717 590
352 2655 400 2704 Hic
416 2670 512 2721 quoque
530 2652 640 2703 amicitiae
657 2669 707 2703 non
724 2653 786 2702 levis
802 2652 857 2702 ulus
874 2652 930 2702 erit.
985 2709 994 2714 ,

316 2726 383 2791 Quid
398 2729 444 2778 nisi
460 2729 560 2778 secretae
575 2726 687 2780 laeserunt
705 2723 814 2793 Phyllida
830 2724 918 2775 silvae!

356 2800 431 2851 Certa
448 2802 515 2851 necis
533 2800 602 2850 causa
619 2798 652 2848 est
671 2815 678 2848 τ
695 2798 834 2847 incomitata
850 2797 905 2848 fuit.

315 2873 390 2932 lbat,
409 2886 436 2924 ut
452 2875 539 2924 Edono
554 2874 665 2923 reserent
681 2872 804 2921 trieterica
820 2870 918 2919 Baccho

353 2946 392 2996 Ire
412 2947 473 2997 solet
488 2948 547 2997 susis
564 2948 664 2995 barbara
681 2946 751 2994 turba
769 2943 852 2992 comis.

256 3028 288 3081 59
292 3031 304 3079 ς
316 3016 348 3067 Et
360 3019 434 3069 modo
446 3054 453 3079 ‚
466 3024 511 3087 quai
522 3031 620 3085 poterat
632 3052 640 3072 .
651 3021 750 3083 longum
760 3014 880 3079 speuabat
891 3012 916 3063 in
929 3031 1015 3084 aequor
1026 3027 1036 3068 z
1061 3017 1064 3022 ’

359 3090 430 3152 Nunc
447 3094 472 3146 in
488 3093 586 3146 menosa
603 3091 657 3156 lassa
673 3089 770 3159 jacebat
786 3088 870 3141 humo·
