2392 3892
319 421 396 499 324
444 389 892 472 Dnnrorrro‘orr

272 525 306 593 65
317 522 433 578 Thesea,
453 522 518 589 quod
527 520 649 588 superest,
665 533 758 586 patrem
767 520 939 571 tumulabimur
950 533 1007 572 ante
1020 538 1028 574 ε

354 595 476 646 Succedat
491 597 585 645 tumulo
602 612 652 643 non
666 594 717 643 sine
733 594 828 642 honore
847 593 950 645 decens.

317 670 359 721 Da
370 669 469 735 spatium
477 670 621 733 veniamque
633 703 642 725 ‚-
659 684 718 732 peto
730 686 738 716 r
750 682 799 715 non
808 665 918 731 perfidus
928 668 1028 721 absum:

354 744 408 792 Nec
424 741 481 791 mihi
494 740 541 806 jam
556 739 622 789 terri
635 740 712 789 tutior
728 740 777 788 ulla
793 738 836 788 cuir
850 738 896 789 est.
928 772 937 786 c

317 814 440 881 Quicquid
454 815 510 863 mire
525 814 570 863 fuit
584 811 636 878 poll
651 813 727 862 diruta
743 811 879 879 Pergama,
897 813 1014 882 quicquid

272 903 307 951 70
354 889 405 938 hut
419 888 501 945 bella,
517 900 559 936 aut
573 885 654 952 pelagi
667 885 792 935 detinuere
809 900 886 935 morae
899 903 909 944 ς

315 962 373 1011 Sola
390 960 435 1009 fuit
448 960 544 1009 Thrace
559 975 567 1009 r
584 958 662 1024 patrii
679 973 775 1024 quoque
790 956 868 1021 jactor
882 958 908 1008 in
925 959 988 1011 illa:

351 1032 475 1083 Auxilium
490 1032 587 1096 superes
601 1032 694 1080 casibus
711 1047 757 1079 una
773 1030 847 1081 meir.

313 1105 340 1155 Si
349 1103 422 1155 modti
431 1122 498 1155 mens
508 1105 592 1153 eadem
603 1120 611 1153 :
624 1120 670 1152 nec
681 1102 748 1168 quod
758 1102 789 1152 sit
798 1102 847 1169 jam
857 1103 917 1154 mihi
929 1105 999 1158 dives

349 1178 445 1244 Regia,
463 1176 585 1242 Cecropia
597 1192 648 1225 non
663 1176 742 1224 minor
756 1190 833 1234 arce,
849 1191 938 1228 movet
949 1194 957 1228 r

268 1263 302 1315 75
314 1250 368 1300 Nec
384 1250 458 1315 patris
473 1248 599 1302 offendunt
615 1248 701 1306 casus,
718 1263 765 1297 nec
779 1248 880 1298 crimina
894 1253 999 1312 matrisr

348 1324 403 1373 Nec
419 1322 466 1388 jam
481 1338 531 1372 non
547 1322 607 1373 felix
621 1321 701 1371 omine
718 1320 895 1386 Demophoon.

311 1394 400 1460 Quid?
415 1396 435 1447 si
445 1395 573 1447 Phoehdern
581 1405 710 1462 peterem,
724 1405 751 1444 te
762 1392 887 1463 conjuge,
904 1396 1024 1463 Trojam?

349 1468 443 1536 Perque
459 1484 535 1520 annos
547 1469 662 1535 sequerer
675 1467 740 1517 bella
754 1469 862 1534 gerenda
877 1468 989 1522 decerni

310 1541 453 1609 Penelopen
468 1543 534 1591 audis
551 1558 558 1591 τ
575 1554 631 1591 toto
648 1539 758 1590 laudatur
773 1541 797 1589 in
814 1542 896 1601 orbe,

182 1607 185 1612 ¹
267 1612 301 1663 8ο
348 1614 490 1680 Exemplum
506 1613 548 1663 fidi
563 1631 614 1663 non
629 1613 686 1663 leve
702 1613 762 1664 fasta
776 1614 836 1664 tori.

310 1687 354 1736 illa
368 1689 433 1753 piae,
455 1688 489 1737 sic
506 1704 591 1737 rrrmor
607 1686 659 1743 ait,
678 1686 803 1735 mendacia
819 1688 877 1738 telae

346 1760 459 1820 struxit,
479 1760 505 1812 &
520 1759 634 1810 instantes
648 1757 736 1808 distulit
751 1772 805 1809 arte
818 1776 910 1827 procos
922 1778 932 1814 r

308 1830 371 1881 Cdrn
385 1845 513 1898 properata
530 1835 608 1900 palam
622 1842 750 1881 revocaret
765 1831 863 1883 flamine
877 1836 972 1895 nodis,

344 1905 426 1969 htqne
442 1905 529 1954 iterum
544 1906 568 1953 in
582 1906 649 1956 lanas
664 1918 735 1952 omne
750 1905 844 1955 rediret
858 1922 933 1973 opus.

265 1973 279 2023 8
281 1991 297 2044 5
307 1976 341 2026 At
358 1988 399 2026 tna
412 1994 444 2026 ne
460 1977 553 2045 fugiant
569 1975 643 2041 fpreti
656 1976 777 2025 connubia
790 1977 923 2040 Thraces,

344 2049 442 2118 Phylli,
460 2051 533 2101 timer
550 2065 558 2099 r
575 2051 619 2099 ulli
634 2051 746 2118 nubere,
765 2049 844 2109 diua,
861 2050 958 2119 poteri

307 2122 396 2190 Estque
410 2124 454 2174 tibi
468 2124 553 2191 pedus
566 2122 707 2189 cujusquam
725 2124 846 2173 accedere
862 2125 953 2178 teda?

344 2196 433 2248 Obstat
445 2194 553 2264 perfidie
567 2213 614 2246 nec
629 2208 707 2246 metus
723 2196 766 2245 ifle
780 2194 855 2248 tuae?

306 2269 346 2320 nh
360 2269 366 2318 !
379 2270 422 2320 tibi
433 2282 535 2336 quantus
546 2270 593 2320 erit
604 2268 659 2319 faui
668 2270 743 2319 rubor
757 2268 763 2317 !
777 2271 808 2319 ah
820 2270 828 2319 l
841 2270 886 2321 tibi
896 2274 1010 2339 quantus¹

262 2352 297 2404 90
343 2344 407 2393 Tum
421 2343 510 2401 dolor,
528 2342 629 2410 aspicies
646 2339 701 2392 crim
716 2358 770 2391 mea
782 2344 838 2392 vela
854 2348 964 2409 procul!

306 2416 486 2482 Damnabisque
502 2428 558 2466 tuos
576 2413 630 2465 ferd
645 2415 772 2465 temeraria
789 2416 907 2481 questus:

341 2490 526 2553 Demophoon,
546 2487 633 2544 dicer,
649 2487 690 2536 hei
705 2487 762 2535 mihi
778 2486 786 2535 Ξ
803 2487 866 2539 fidus
880 2504 945 2542 erat.

305 2562 469 2626 Demophoon
484 2558 575 2617 rediit.
596 2559 622 2611 δι
637 2559 713 2609 faevor
727 2559 829 2610 forsitan
844 2562 925 2613 Euros

341 2632 439 2693 Pelius,
456 2633 482 2685 ὃ(
494 2633 607 2683 hibernas
622 2632 678 2681 dum
693 2649 791 2699 quoque
806 2635 881 2685 currit
894 2653 980 2702 equas.

260 2714 294 2767 95
306 2705 402 2757 Ahlcur
411 2707 493 2758 nescio
502 2723 571 2773 quam
580 2707 775 2772 properavimus,
785 2707 825 2756 hei
833 2707 1014 2776 mihilculpam?

340 2778 424 2845 Pupi,
444 2797 514 2847 quam
527 2792 622 2845 ruptam
636 2780 686 2829 sum
702 2780 759 2827 mihi
774 2780 873 2845 quella,
889 2780 972 2832 fidem.

303 2850 450 2911 siccamen,
462 2854 493 2902 ah
508 2851 515 2901 !
526 2851 624 2917 potitis,
635 2852 669 2901 ric
679 2851 787 2917 perstes;
797 2856 868 2917 quim
877 2854 937 2906 mihi
947 2858 977 2907 de
988 2869 1014 2907 te

340 2925 451 2975 Ulterior
462 2936 546 2993 tanget
559 2924 675 2991 pedion,
693 2923 791 2991 Phylli,
810 2925 900 2977 dolor!

304 2994 376 3060 Quos
385 2999 444 3057 tibi,
455 3014 494 3048 me
505 2998 615 3048 miserum
628 2998 634 3047 !
647 2999 763 3064 laqueos,
774 3013 827 3062 que
836 2997 886 3047 fata
895 2999 1013 3055 mimir?

245 3080 294 3116 roo
341 3070 372 3120 Et
387 3070 456 3122 nimir
469 3071 575 3124 audacer
590 3086 650 3139 gens
664 3071 738 3121 habet
750 3068 790 3119 ista
805 3068 887 3124 Deos·
