2392 3892
305 467 553 536 anrnrn
578 462 796 532 Amoris.
846 433 922 556 369

215 581 265 637 Sive
281 601 382 651 operam
398 584 466 634 bellis
480 584 557 634 vellet
574 582 652 641 dare,
669 584 734 632 nulla
749 585 868 651 gerebat,
935 584 983 645 165

245 660 302 709 Sive
320 658 396 718 soro,
414 673 516 706 vacuum
534 656 613 705 litibus
628 656 709 723 Argos
725 669 786 707 erat.

214 730 285 797 Quod
302 732 405 798 potuit,
422 746 453 779 ne
470 730 504 779 nil
519 730 568 778 illic
585 742 717 795 ageretur,
737 715 834 781 amavit.

245 805 286 855 sic
303 803 374 853 venit
389 804 430 852 ille
447 817 530 868 puer:
546 803 580 852 sic
596 819 657 868 puer
672 804 713 852 ille
730 816 820 858 manet.

214 873 274 927 Rura
290 893 389 944 quoque
405 877 526 925 obleslant
538 876 651 934 animos,
666 874 814 944 studiumque
828 879 946 929 colendi·
939 916 945 928 .

245 950 374 1015 Quaelibet
388 950 445 999 huic
463 965 531 1011 cura,
543 950 632 998 cedere
649 965 706 998 cura
721 950 809 1015 potest.
934 967 983 1015 170

212 1020 286 1076 Colla>
299 1022 359 1089 jube
378 1022 482 1073 domitos
499 1022 568 1071 oneri
583 1022 720 1089 supponere
735 1034 838 1080 tauros,

244 1096 345 1146 Sauciet
360 1108 388 1144 ut
405 1096 488 1144 duram
502 1111 587 1144 vomer
601 1091 709 1146 aduncus
725 1096 832 1147 humum.

212 1168 297 1219 Obrue
314 1168 410 1219 versati
427 1168 536 1217 Cerealia
553 1169 641 1218 semina
656 1168 741 1228 terri,

246 1239 310 1304 Quae
326 1241 371 1290 tibi
381 1257 444 1301 scum
461 1242 537 1290 multo
554 1242 641 1290 fenore
660 1242 746 1291 reddat
762 1260 830 1310 ager.

210 1313 298 1380 Aspice
315 1327 429 1364 curvatos
446 1330 573 1380 pomorum
588 1314 698 1378 pondere
713 1330 811 1373 ramos3
934 1332 981 1381 175

245 1387 282 1437 Ut
299 1385 357 1444 sua,
378 1387 442 1451 quod
458 1386 572 1451 peperit,
591 1385 633 1436 vix
649 1385 713 1435 ferat
725 1388 797 1437 arbor
812 1402 883 1440 onus.

209 1456 298 1525 Aspice
313 1458 421 1525 jucundo
437 1460 546 1510 labentes
562 1476 683 1509 murmure
701 1456 787 1509 rivos:

246 1532 335 1600 Aspice
353 1533 484 1583 tondentes
500 1532 580 1582 fertile
598 1548 697 1600 gramen
713 1548 784 1583 oves.

208 1605 275 1657 Ecce
292 1618 380 1671 petunt
394 1623 483 1672 rupes,
503 1620 670 1671 praeruptaque
689 1605 760 1665 saxa,
778 1608 888 1673 capelle.
920 1619 939 1678 .‘

245 1678 299 1731 Jam
316 1679 424 1729 referent
439 1680 514 1729 haedis
529 1681 603 1729 ubera
618 1681 690 1746 plena
707 1679 763 1730 suis.
932 1680 981 1731 180

211 1750 293 1804 ledor
307 1752 417 1817 inaequali
435 1753 572 1802 modulatur
588 1754 703 1802 arundine
720 1769 836 1803 carmen:

244 1826 300 1875 Nec
316 1824 401 1875 desunt
416 1826 537 1885 comites,
557 1826 638 1875 sedula
653 1826 743 1884 turba,
763 1844 845 1879 canes.

210 1895 282 1949 Parte
299 1898 383 1948 sonant
397 1898 442 1949 alii
459 1900 524 1951 silvae
542 1900 672 1968 mugitibus
688 1902 765 1960 altae;

244 1970 277 2021 Et
293 1972 401 2035 queritur
416 1972 516 2021 vitulum
532 1987 609 2024 mater
624 1974 702 2024 abesse
718 1975 794 2031 suum.

208 2040 299 2107 Quid?
319 2042 372 2094 crim
386 2045 520 2111 suppositas
536 2046 632 2112 fugiunt
647 2048 757 2096 examina
771 2061 859 2107 taxos,
930 2046 977 2107 185

245 2117 282 2167 Ut
297 2118 498 2174 releventpdemti
513 2118 600 2166 vimina
615 2119 769 2168 torta'savi·

208 2187 283 2239 Poma
298 2190 339 2240 dat
355 2192 482 2241 autumitus
496 2206 505 2241 r
520 2190 625 2240 formosa
636 2191 674 2239 vesi
689 2191 807 2240 messibus
823 2190 907 2249 estas-3

243 2264 297 2316 Ver
314 2265 408 2329 praebet
419 2264 496 2314 flores
513 2279 521 2313 r
537 2264 593 2330 igne
612 2264 713 2314 levatur·
721 2264 808 2315 hiems.
837 2309 841 2313 .

206 2334 370 2401 Temporibus
385 2336 457 2395 tertis
475 2347 591 2386 mantram
608 2336 708 2386 rusticus
724 2343 795 2385 urani

243 2410 362 2477 Deligit3
382 2409 408 2459 δι
422 2409 488 2459 nudo
506 2409 547 2458 sub
563 2409 627 2476 pede
644 2408 717 2460 musta
732 2409 819 2459 fluunt.
931 2421 979 2471 190

205 2481 369 2547 Temporibus
384 2482 457 2534 certis
475 2482 579 2535 defessas
595 2482 677 2568 alligat
692 2484 801 2541 herbam
910 2483 912 2489 '

243 2555 276 2602 Et
290 2555 382 2603 tonsam
399 2572 455 2605 raro
471 2556 565 2621 pesline
581 2558 658 2607 verrit
673 2557 781 2607 humum.

204 2620 260 2692 ipse
277 2638 347 2687 potes
365 2627 437 2707 riguis
448 2630 560 2691 plantam
575 2628 739 2691 deponerem
754 2623 853 2682 hortis3

243 2696 297 2761 lpse
314 2707 394 2780 potes:
402 2696 473 2745 rivos
485 2698 575 2748 ducere
585 2698 652 2760 lenis
668 2714 765 2763 aquae.·
937 2752 939 2756 ,

204 2769 312 2824 Venerit
328 2768 430 2824 insitio;
447 2768 485 2819 sac
500 2785 590 2819 mmum
604 2786 685 2820 ramus
700 2769 825 2855 adoptet3
869 2813 872 2819 ,
892 2809 895 2819 ,
928 2781 977 2831 195

243 2845 346 2909 Stetque
363 2840 497 2907 peregrinis
513 2842 584 2892 robor
600 2850 686 2907 operta
703 2843 787 2894 comis

206 2914 268 2966 cum
283 2918 356 2966 semel
370 2916 422 2965 haec
436 2914 539 2964 animum
556 2916 637 2980 erepit.
645 2916 758 2968 mulcere
766 2914 898 2981 voluptas,

243 2990 370 3040 Debilibus
386 2987 471 3056 pennis
486 2987 565 3038 irritus
582 2988 632 3039 exit
647 2989 734 3041 Amor.

205 3062 256 3113 Vel
271 3073 298 3111 tu
313 3064 417 3113 venandi
432 3062 532 3112 studium
549 3063 629 3113 cole:
646 3063 707 3129 saepe
722 3062 825 3115 recessit

243 3134 358 3202 Turpiter
373 3155 387 3188 a
401 3137 485 3189 Phoebi
502 3135 562 3190 vida
579 3137 663 3191 sorore
678 3138 774 3195 Venus.
922 3151 975 3185 200

800 3228 830 3280 M
842 3227 867 3293 iij
