2392 3892
293 424 573 532 Hunorum.
600 457 673 526 Ee.
698 455 824 528 XVII.
878 459 929 555 83

212 577 330 629 Reddidit
345 577 474 639 intaslam3
491 577 625 644 minuitque
642 577 757 628 modestia
771 580 880 630 crimen:

250 652 282 701 Et
298 650 413 717 juvenem
431 650 485 701 sadli
500 649 635 716 poenituisse
652 662 732 716 patet.

213 724 310 773 Thesea
325 724 455 788 poenituit,
472 723 536 774 Paris
550 736 578 774 ut
592 724 736 775 succederet
750 722 808 774 illi?

251 798 290 847 Ne
308 798 403 863 quando
419 813 508 846 nomen
521 814 571 846 non
587 797 620 847 cit
634 797 661 847 in
676 813 720 847 ore
736 813 826 849 meum.
952 842 970 854 .,

213 870 269 920 Nec
283 881 367 919 tamen
383 870 491 927 irascor,
507 871 558 935 quis
573 870 636 923 enim
651 870 767 921 irascatur
783 872 896 929 amanti?
935 887 968 939 35

250 942 278 992 Si
293 939 387 1000 modb,
408 958 479 1006 quem
490 943 609 1007 prefers,
626 959 675 994 non
689 945 814 994 simulatur
829 962 906 996 amor.

213 1014 274 1065 Hoc
292 1030 391 1079 quoque
405 1014 467 1064 enirn
481 1016 564 1066 dubito
581 1031 589 1067 t
606 1033 655 1067 nou
670 1034 720 1083 quo
735 1016 823 1067 fiducia
840 1018 930 1079 desit,

254 1087 307 1135 Aur
323 1102 373 1136 mea
391 1087 423 1138 rit
437 1088 511 1140 sacies
527 1105 577 1139 non
594 1090 657 1140 bene
675 1102 734 1142 nota
751 1091 830 1150 milri;

213 1159 267 1211 Sed
284 1158 338 1223 quia
352 1160 479 1214 credulitas
492 1163 579 1213 damno
596 1163 659 1215 solet
672 1163 720 1214 else
734 1165 842 1229 puellis,

252 1232 382 1299 Verbaque
400 1234 511 1287 dicuntur
523 1236 602 1285 vestra
617 1253 704 1289 carere
719 1234 777 1287 fide.
891 1272 893 1276 ψ
932 1253 970 1302 4ο

214 1303 249 1356 At
267 1317 372 1370 peccant
391 1308 464 1363 aliae,
485 1320 644 1370 matronaque
661 1323 714 1356 rara
730 1310 817 1371 pudica
835 1311 879 1364 all.

250 1377 319 1441 Quid
334 1378 451 1442 prohibet
465 1377 524 1429 raris
540 1394 631 1429 nornen
648 1376 720 1427 inesse
733 1381 834 1431 meum?
889 1402 893 1412 ·

213 1452 276 1504 Nam
295 1465 352 1499 mea
369 1449 435 1516 quod
450 1450 500 1501 visa
515 1449 549 1501 est
566 1451 611 1500 tibi
626 1461 704 1501 mater
720 1450 827 1513 idonea,
848 1453 917 1521 cujris

248 1524 371 1589 Exemplo
388 1521 451 1573 flecti
468 1540 508 1573 me
524 1540 623 1591 quoque
640 1522 706 1589 posse
722 1537 816 1589 putes:

213 1597 301 1648 Matris
316 1598 342 1646 in
357 1596 474 1655 admisso,
495 1597 556 1647 saled
571 1597 614 1646 sub
629 1596 733 1664 imagine
750 1596 827 1656 lusae,
934 1613 968 1661 45

250 1671 327 1720 Error
342 1668 401 1720 inest
419 1687 426 1721 :
444 1670 526 1736 plumd
541 1669 620 1719 tellus
633 1670 728 1721 adulter
744 1683 806 1722 erat.

214 1744 255 1793 Nil
274 1760 343 1811 ego,
361 1744 382 1793 si
399 1760 519 1808 peccem,
539 1744 630 1810 possim
647 1742 744 1794 nescisse
760 1760 768 1795 τ
784 1735 832 1795 nec
847 1744 914 1796 ulliu

250 1817 346 1875 Error,
365 1817 407 1883 qui
422 1817 477 1868 sadti
496 1818 587 1868 crimen
604 1818 752 1877 obumbret,
768 1817 824 1868 erit.

215 1889 257 1939 llla
271 1891 335 1940 bene
351 1886 457 1949 erravit,
470 1891 603 1957 viriumque
617 1891 714 1942 autiooe
729 1891 848 1945 rederium

251 1963 320 2022 Felix
337 1963 362 2012 in
379 1964 448 2029 culpa
464 1981 513 2031 quo
529 1964 592 2017 Jove
609 1965 675 2014 dicar
690 1963 760 2032 ego?
936 1980 970 2027 50

217 2033 290 2099 Quod
308 2052 384 2103 genus
403 2036 429 2085 ὅ(
445 2054 572 2103 proavos,
589 2038 616 2087 δι
630 2038 696 2104 regia
711 2038 827 2097 nomina,
847 2037 941 2105 jadau

252 2108 322 2158 Clara
339 2108 393 2159 satis
412 2110 496 2159 domus
515 2111 567 2159 haec
582 2111 710 2159 nobilitate
724 2110 766 2158 sua
781 2109 823 2159 est.

217 2180 327 2247 luppiter
343 2196 371 2231 ut
392 2181 469 2230 soceri
487 2196 592 2245 proavus
607 2193 736 2236 taceatur,
755 2181 781 2229 dt
799 2196 873 2229 omne

187 2275 189 2279 ’
250 2254 385 2305 Tantalidae
404 2252 502 2318 Pelopis
519 2251 697 2320 Tyndareique
712 2251 806 2302 decus:

217 2326 264 2378 Dat
274 2328 333 2377 milri
343 2327 409 2378 Leda
421 2325 509 2379 lovem
520 2360 527 2383 ‚
542 2341 622 2393 cycno
633 2325 757 2390 decepta,
769 2335 917 2393 parentem
936 2338 948 2387 5
954 2339 968 2390 5

252 2401 316 2465 Quae
332 2400 413 2451 falsam
429 2400 521 2467 gremio
541 2399 639 2450 credula
657 2398 721 2449 fovit
736 2416 816 2451 arem.

216 2473 307 2524 lnunc
318 2474 371 2532 ⁸¹&
385 2474 495 2541 Phrygiae
510 2471 559 2524 lare
573 2473 702 2540 primordia
716 2474 815 2541 gentis,

170 2592 173 2597 .
251 2546 364 2613 Cumque
379 2548 420 2597 suo
435 2547 551 2597 Priamum
565 2547 733 2598 Laomedonte
748 2548 824 2599 refer.

217 2619 288 2684 Quos
303 2636 351 2686 ego
368 2620 467 2686 suspicio
481 2637 489 2672 r
505 2621 566 2681 sed,
586 2624 627 2689 qui
639 2623 684 2671 tibi
700 2622 777 2689 gloria
790 2636 876 2687 magne
891 2618 926 2670 est

252 2692 379 2756 Quintus,
398 2693 418 2743 is
434 2710 447 2741 a
463 2694 542 2744 nostro
559 2696 659 2745 nomine
671 2696 761 2759 primus
778 2694 835 2742 erit.
854 2732 863 2745 ,
934 2691 969 2742 60

217 2765 318 2832 Sceptra
333 2776 382 2815 tuae
396 2769 501 2833 quamvis
515 2784 569 2817 rear
585 2767 633 2818 csse
648 2767 757 2832 potentia
768 2763 873 2831 Trojae,
911 2793 913 2796 ·

210 2836 214 2843 ’
251 2840 310 2890 Non
325 2850 407 2888 tamen
420 2840 472 2889 baie
488 2841 534 2891 illis
553 2839 600 2889 esse
614 2840 706 2888 minora
721 2848 791 2903 puto.

218 2910 306 2977 Si‘jam
326 2912 417 2965 divitiis
429 2913 498 2964 locus
515 2913 555 2962 hic
572 2926 722 2975 numeroque
736 2911 846 2962 virorum

251 2986 388 3045 Vincitur,
405 2985 513 3037 atcerte
529 2986 629 3035 barbara
645 2995 709 3034 terra
726 2994 768 3033 tua
785 2982 829 3035 esi.
850 2996 852 3000 '

217 3058 322 3118 Munera
334 3072 401 3110 tanta
415 3059 511 3125 quidem
525 3057 645 3125 promittit
660 3056 758 3121 epistola
773 3057 860 3117 dives,
928 3054 967 3120 65

254 3131 400 3197 Utporsint
417 3131 534 3204 ipsae-illa
550 3147 649 3187 movere
664 3131 753 3183 Deae:

810 3178 892 3267 nvj'
