2392 3892
344 446 419 518 228
470 446 678 517 Ονιυιι
708 443 962 517 NAsortrs
1001 504 1003 508 ,

344 566 369 615 Si
384 567 445 615 latet
458 581 516 622 ars,
534 564 630 630 prodest
645 581 653 615 ε
668 564 738 614 affert
755 565 869 632 deprensa
884 569 1024 632 pudorem3

378 639 461 704 Atque
477 638 560 688 adimit
575 636 662 689 metito
678 650 773 703 tempus
788 640 813 687 in
830 656 902 689 omne
916 641 999 694 fidem

280 722 330 775 315
343 711 413 776 Saepe
431 711 472 760 sub
487 723 644 770 autumnum,
660 707 671 773 (
687 708 740 760 crim
756 712 943 764 formosissimus
958 733 1055 777 annus,

380 784 502 849 Plenaque
515 801 636 850 purpureo
654 783 767 833 subrubet
785 801 832 835 uva
848 801 941 844 mero,‘

343 855 405 907 cum
415 856 487 908 modd
496 858 624 924 frigoribus
634 857 773 923 premimur,
780 856 852 907 modb
861 858 976 910 solvimur
985 858 1055 929 aestu)

378 929 444 980 A'e're
459 947 509 980 non
524 943 592 981 certo
610 947 718 997 corpora.
728 932 829 996 languor
846 931 928 983 habet.

343 1003 388 1053 llla
403 1003 498 1069 quidem
511 1006 590 1054 valeat
607 1019 614 1053 ι
631 1002 691 1058 sed,
707 1003 803 1052 simale
818 1001 887 1052 firma
901 1006 997 1055 cubabit
1006 1037 1020 1064 ,

280 1090 333 1143 320
379 1076 411 1125 Et
424 1077 508 1127 vitium
522 1076 578 1126 eoeli
593 1075 692 1125 senserit
706 1092 770 1142 aegra
785 1074 845 1133 suia

342 1149 413 1199 Tunc
430 1165 497 1200 amor
514 1148 631 1215 &pietas
647 1147 736 1197 tua'sit
749 1147 871 1197 manifesta
887 1150 996 1213 puelle:
1051 1165 1053 1170 ’

377 1222 448 1271 Tunc
464 1222 515 1270 sere
527 1254 537 1280 ,y
555 1222 621 1287 quod
634 1219 706 1285 pleni
721 1220 846 1285 postmodo
861 1221 928 1272 falce
941 1235 1031 1275 metas

327 1283 395 1344 fiee
411 1294 455 1343 tibi
470 1295 561 1344 morosi
578 1294 677 1345 veniant
693 1294 782 1343 fastidia
798 1294 876 1343 morbi
887 1310 905 1352 3-

378 1365 473 1433 Perque
490 1381 544 1418 tuas
559 1365 636 1425 fiant,
656 1383 709 1432 quae
725 1366 789 1416 sinet
804 1366 871 1432 ipsa,
891 1362 984 1418 manus·

280 1453 330 1507 325
342 1440 374 1491 Et
389 1441 472 1491 videat
486 1440 586 1490 flentem
604 1456 613 1491 t
627 1456 673 1489 nec
688 1438 777 1489 taedeat
791 1439 872 1489 oscula
888 1440 973 1490 serre:

378 1514 410 1563 Et
425 1514 494 1564 sicco
506 1515 625 1581 lacrymas
639 1512 760 1563 combibat
775 1528 818 1561 ore
833 1525 896 1562 tuas.

341 1587 421 1637 Multa
431 1603 497 1645 vove
508 1605 517 1646 ς
535 1587 576 1638 sed
587 1585 671 1637 cuneta
681 1587 776 1651 palamt
788 1585 933 1653 quotiesque
947 1584 1055 1649 libebit5

378 1659 439 1724 Quae
454 1660 549 1710 referas
560 1659 614 1718 illi,
632 1659 722 1709 somnia
737 1660 792 1709 laete
806 1656 874 1708 vide.

340 1732 372 1783 Et
388 1732 489 1790 veniet,
509 1750 562 1799 quae
578 1731 661 1783 lustret
677 1749 735 1781 auus
750 1731 884 1796 leslumque
899 1733 1053 1800 lourmque:

278 1818 330 1870 330
378 1804 494 1855 Praeferat
511 1806 537 1855 dr
553 1805 656 1865 tremuli
671 1806 767 1870 sulphur
784 1804 874 1888 dfiova
890 1822 974 1860 manu.

340 1878 458 1928 Omnibus
473 1878 508 1927 his
524 1878 620 1928 inerunt
635 1892 710 1943 gratae
727 1876 824 1943 vestigia
839 1891 926 1928 curet
980 1902 982 1905 ·

375 1952 403 1999 ln
417 1950 509 1998 tabulas
526 1950 604 1998 multis
620 1950 672 1997 haec
688 1949 726 1997 via
743 1949 802 1997 fecit
817 1945 874 1998 iter.

337 2024 377 2072 Ne
394 2033 474 2081 tamen
489 2020 574 2071 officiis
591 2021 671 2072 odium
688 2031 808 2087 queratur
822 2022 852 2069 ab
869 2038 959 2089 aegrag
977 2062 980 2070 .

374 2095 409 2145 Sit
426 2096 481 2146 suus
496 2096 523 2155 jn
539 2095 624 2145 blanda
639 2095 765 2146 sedulitate
780 2094 875 2145 modus.

276 2180 307 2234 33
315 2183 326 2231 5
337 2170 407 2219 Neie
426 2169 480 2219 cibo
497 2169 617 2235 prohibe,
637 2185 682 2218 nec
698 2168 770 2217 amari
788 2170 876 2233 pocula
892 2168 958 2219 mcci

374 2242 474 2311 Porrige
491 2259 499 2293 z
514 2243 595 2293 rivalis
611 2242 707 2293 misceat
722 2242 762 2291 illa
778 2252 845 2292 tuus.
885 2290 887 2293 ,
958 2269 960 2273 ·

337 2316 386 2365 Sed
402 2334 471 2375 non,
493 2316 532 2366 cui
548 2314 645 2373 dederis
659 2333 673 2367 a
688 2315 760 2364 litore
777 2313 888 2371 carbasa,
907 2324 990 2364 vento

371 2389 495 2438 Utendum
506 2422 518 2446 ,,
534 2390 614 2438 medio
631 2386 688 2437 cirm-
700 2388 794 2453 potiere
810 2388 884 2442 freto.

334 2461 400 2509 Dum
418 2478 496 2510 novus
513 2475 577 2510 errat
592 2478 683 2519 arnor„¹
698 2461 762 2511 vires
778 2461 824 2509 sibi
842 2458 942 2526 colligat
957 2458 1023 2511 usur

273 2546 325 2599 340
371 2532 398 2581 Si
408 2533 474 2592 ,bene
490 2533 625 2590 nutrieris„
641 2544 753 2598 tempore
769 2530 850 2581 firmus
868 2533 923 2581 erit.

335 2606 414 2671 Quem
429 2617 523 2655 taurum
538 2605 644 2663 metuis,
661 2606 764 2656 vitulum
780 2606 891 2659 mulcere·
905 2603 1023 2655 solebas:

372 2679 421 2729 Sub
439 2696 484 2745 qua
500 2694 564 2727 nunc
579 2679 682 2729 recubas
699 2680 785 2728 arbore
797 2679 893 2743 „virga
908 2677 964 2726 suit.

334 2752 446 2820 Nascitur
464 2751 564 2820 exiguus
576 2785 588 2811 ,,
603 2752 643 2802 sed
660 2768 720 2817 opes
734 2749 836 2818 acquirit
852 2751 953 2806 eundo,
1000 2767 1002 2771 ¹

370 2824 477 2891 Quduue
490 2826 580 2884 venit„
596 2828 683 2879 multas
696 2826 783 2891 accip'u
798 2823 872 2874 amnis
887 2836 979 2887 aquas„

270 2908 321 2964 345
335 2899 381 2948 Fac
398 2898 440 2947 tibi
458 2898 621 2950 consuescat:
637 2900 669 2951 nil
685 2898 856 2949 consuetudine
872 2892 961 2955 majus.
1040 2943 1046 2953 ,

370 2970 449 3034 Quam
465 2983 492 3021 tu
508 2972 679 3038 dumcapias,
698 2973 767 3021 taedia
782 2970 846 3020 nulla
862 2966 934 3030 suge..

332 3044 371 3094 Te
387 3044 480 3108 semper
491 3044 573 3095 videat
589 3061 596 3096 τ
614 3046 657 3095 tibi
671 3045 763 3109 semper
776 3040 882 3105 praebeat
896 3050 1006 3091 auremt
1039 3091 1042 3097 ,

367 3116 486 3171 Exhibeat
498 3119 578 3176 vultus
593 3134 690 3186 noxque
705 3116 803 3182 diesque
819 3122 890 3165 titos·
985 3166 988 3171 .
