2392 3892
308 433 554 503 Rsnunnrn
578 401 795 498 Anonos.
845 432 925 527 267

219 551 261 603 Sed
275 566 384 619 propera
400 565 408 601 t
425 560 511 599 necte
527 560 640 598 venturas
657 545 727 601 differ
741 547 766 596 in
782 548 864 602 horas.

248 625 298 692 Qui
315 641 365 674 non
381 622 414 673 est
429 621 521 680 hodie,
541 638 593 671 cras
608 617 685 670 mimis
700 632 770 687 aptus
785 622 841 673 erit.

217 698 294 751 verba
303 698 346 747 dat
354 697 432 758 omnis
440 694 657 762 amor,reperitque
665 693 779 761 alimenta
786 697 912 750 morando.
933 710 965 764 95

247 771 351 840 Optima
366 769 477 820 vindittae
493 769 602 836 proxima
620 784 720 835 quaeque
736 768 797 819 dies.

217 842 319 896 Flumina
335 860 413 911 pauca
427 843 496 893 vides
512 842 542 892 de
558 842 651 909 magnis
667 841 773 891 fontibus
790 855 863 895 ortas

245 917 353 969 Plurima
369 915 477 967 collettis
491 915 681 983 multiplicantur
694 916 771 981 equis.

215 988 236 1041 si
251 989 303 1043 εἰτὸ
320 989 447 1050 sensisses,
464 1002 579 1055 quantum
596 1004 699 1055 peccare
715 1006 831 1055 parares,

244 1066 306 1115 Non
321 1076 420 1132 tegeres
434 1064 516 1113 vultus
532 1063 646 1121 cortice,
666 1061 787 1129 Myrrha,
805 1075 872 1117 tuos.
935 1079 986 1117 too

202 1130 269 1189 'Vidi
286 1153 353 1206 ego,
371 1135 435 1203 quod
451 1134 528 1201 primb
539 1136 625 1199 suerat
641 1136 743 1186 sanabile
757 1138 844 1191 vulnus
853 1171 865 1196 ,
913 1175 917 1183 .

246 1210 361 1260 Dilatum
376 1211 456 1276 longae
473 1209 556 1259 damna
572 1208 649 1259 tulisse
666 1226 750 1261 more.

209 1281 281 1339 Sed,
299 1284 355 1350 quia
372 1282 474 1333 desesiot
489 1282 595 1337 Veneris
611 1282 744 1346 decerpere
760 1284 854 1347 flores,
954 1273 965 1298 ⁹

246 1355 359 1408 Dicimus
375 1354 490 1414 assidue,
510 1354 570 1405 Cras
588 1370 684 1420 quoque
700 1353 743 1404 fiet
757 1356 831 1409 idem.

209 1428 311 1481 Interea
327 1428 407 1480 tacitae
424 1427 520 1494 serpunt
536 1429 561 1477 in
576 1428 669 1478 viscera
684 1427 804 1486 flammae5
934 1444 982 1493 105

248 1504 281 1555 Et
296 1504 358 1554 mala
372 1502 465 1552 radices
482 1498 553 1551 altiris
569 1502 642 1550 arbor
658 1501 717 1567 agit.

211 1576 237 1627 Si
250 1589 333 1627 tamen
350 1575 432 1625 auxilii
446 1574 569 1641 perierunt
582 1586 694 1640 tempora
707 1573 794 1639 primi,

247 1650 280 1699 Et
295 1660 367 1700 vetus
383 1648 408 1698 in
425 1661 496 1714 capto
513 1648 612 1713 pedore
628 1648 687 1697 sedit
704 1664 793 1706 amor3

212 1721 294 1790 Mojus
308 1738 369 1789 opus
382 1721 487 1787 superesi
503 1736 511 1770 ι
527 1722 567 1770 sed
583 1733 650 1779 non',
668 1722 722 1787 quia
737 1722 811 1771 serior
827 1736 893 1789 aegro

247 1795 386 1852 Advocor,
402 1795 444 1843 ille
459 1794 515 1843 mihi
532 1793 695 1844 destituendus
714 1795 771 1844 erit.
932 1808 983 1845 110

213 1868 292 1934 Quam
308 1850 377 1919 lae⁰sus
393 1867 473 1917 suerat
489 1880 582 1933 partem
599 1866 720 1917 Poeantius
737 1868 830 1929 heros,

249 1940 326 1991 Certi
342 1941 458 1990 debuerat
474 1941 621 2006 praesecuisse
637 1959 718 1992 manu.

213 2013 266 2065 Post
280 2026 360 2065 tamen
372 2014 412 2063 hic
429 2015 518 2064 multos
534 2015 627 2064 sanatus
644 2017 751 2065 creditur
765 2030 841 2065 annes

246 2089 388 2155 Supremam
402 2087 472 2136 bellis
487 2086 619 2151 imposuisse
634 2092 739 2138 niodum.
871 2078 876 2086 ’

212 2161 261 2228 Qui
277 2157 350 2211 modd
367 2159 493 2210 nascentes
511 2160 667 2226 properabam
681 2161 774 2224 pellere
791 2158 907 2217 morbos,
930 2172 978 2222 115

247 2234 376 2284 Admoveo
391 2233 482 2285 tardam
498 2241 561 2282 rtonc
578 2232 622 2281 tibi
637 2233 717 2282 lentus
733 2247 814 2297 opem.
1000 2247 1002 2251 ·

210 2307 261 2358 Aut
276 2323 358 2365 nova,
377 2306 398 2356 si
412 2306 511 2373 possis,
530 2305 612 2355 sedere
627 2306 737 2356 incendia
752 2316 855 2365 tentes;

247 2381 298 2430 Aut
314 2379 359 2429 ubi
369 2396 413 2445 per
426 2380 491 2431 vires
506 2380 658 2445 procubuere
674 2380 736 2429 suas.

210 2454 271 2505 com
288 2452 357 2503 furor
371 2452 480 2522 incursu
496 2447 549 2513 est,
566 2454 672 2504 currenti
690 2452 751 2503 cede
767 2450 863 2503 furori:

243 2523 364 2577 Difficiles
380 2524 457 2578 aditus
471 2526 575 2594 impetus
591 2522 668 2579 omnis
682 2528 764 2577 habet.
930 2538 980 2576 120

208 2600 322 2656 Stultus,
341 2600 371 2648 ab
388 2600 487 2664 obliquo
503 2600 545 2665 qui
561 2598 614 2650 crim
631 2601 779 2651 descendere
795 2597 892 2664 possit,

245 2670 340 2735 Pugnat
353 2670 378 2717 in
393 2670 503 2719 adversas
519 2671 554 2719 ire
570 2683 667 2721 natator
681 2688 788 2737 aquas..

208 2742 340 2810 Impatiens
356 2737 465 2801 animus,
482 2757 528 2791 nec
545 2742 623 2791 adhuc
638 2742 766 2793 tractabilis
783 2753 837 2791 arte

244 2814 366 2882 Respuit,
384 2825 457 2881 atque
472 2813 529 2864 odio
544 2816 619 2865 verba
636 2814 756 2865 monentis
771 2813 856 2865 habet.

209 2889 345 2959 Aggredior
358 2884 441 2939 melitis
457 2898 533 2947 tunc,
553 2885 607 2939 crim
623 2889 663 2939 sua
675 2890 774 2939 vulnera
790 2884 859 2956 tangi
928 2900 977 2953 125
1006 2891 1008 2898 '

246 2965 299 3015 Jam
315 2963 397 3022 sinet,
417 2961 525 3032 &veris
540 2962 642 3013 uocibus
658 2974 727 3032 aptus
744 2960 800 3012 erit.

210 3036 273 3102 Quis
288 3050 406 3097 matrem,
425 3035 469 3089 nisi
485 3035 571 3087 mentis
588 3037 677 3104 inops,
696 3038 721 3087 in
738 3036 824 3087 sunere
838 3032 890 3090 neti

247 3110 319 3162 Flere
336 3108 425 3165 vetet?
444 3128 493 3167 non
507 3112 556 3165 hoc
571 3111 612 3166 illa
626 3112 745 3167 monendo
759 3112 827 3163 loco.

810 3203 870 3274 Mij
