2392 3892
266 411 340 481 266
392 409 596 477 Orrnrr
624 407 880 479 Nasonis

263 532 315 580 Nec
333 528 438 577 moriens
453 526 521 576 Dido
538 526 626 576 summit
639 526 733 577 vidisset
747 528 778 576 ab
794 545 852 579 arce

300 600 452 650 Dardanidas
469 612 545 650 vento
559 601 616 651 vela
633 599 721 649 dedisse
737 613 814 653 rates.

262 676 316 727 Nec
333 675 404 724 dolor
419 673 528 723 armasset
544 685 630 725 contra
646 673 687 722 sua
701 673 795 723 viscera
811 687 928 737 matrem3

219 748 253 799 60
301 748 364 813 Quae
381 747 439 797 socii
456 747 542 798 damno
558 745 678 814 sanguinis
694 747 745 796 ulta
760 748 840 797 virum
855 749 897 800 est.

263 821 325 872 Arte
341 819 396 870 med
410 820 524 878 Tereus,
539 820 647 886 quamvis
662 817 797 870 Philomela
813 822 935 889 placeret,

300 894 347 945 Per
363 894 455 943 facinus
472 892 525 943 fieri
540 910 589 943 non
608 891 728 942 meruisset
744 894 807 943 avis.

263 968 304 1017 Da
321 968 378 1016 mihi
393 966 545 1032 Pasiphaen,
566 965 615 1033 jam
631 966 695 1016 tauri
711 979 789 1033 ponet
804 984 928 1037 amorem:

300 1041 342 1091 Da
357 1039 503 1098 Phaedram,
519 1039 627 1092 Phaedrae
642 1038 719 1105 turpis
736 1039 813 1090 abibit
828 1057 905 1092 amor.

221 1116 253 1179 65
265 1114 352 1166 Redde
364 1111 440 1162 Parin
456 1112 544 1172 nobis,
565 1112 680 1163 Helenen
696 1112 826 1163 Menelais
842 1114 953 1165 habebit:

301 1188 355 1237 Nec
373 1186 481 1235 manibus
497 1184 591 1235 Danais
607 1183 724 1252 Pergama
738 1185 802 1236 vista
817 1187 915 1240 eadent.

266 1260 339 1325 Impia
356 1258 377 1308 si
393 1256 487 1309 nostros
505 1256 597 1326 degisset
614 1258 697 1326 Scylla
712 1257 830 1320 libellos3

301 1330 415 1383 Haesisset
431 1332 504 1399 capiti
520 1348 645 1399 purpura,
665 1330 744 1391 Nise,
761 1344 817 1383 tuo.

266 1406 311 1457 Me
328 1405 407 1465 duce,
423 1405 568 1464 damnosas,
582 1405 710 1463 homines,
727 1404 875 1471 compescite
891 1420 968 1457 curas:

222 1495 257 1544 70
279 1478 282 1485 ’
303 1479 426 1544 Restnque
444 1478 603 1537 consociis,
621 1495 660 1528 me
675 1478 757 1536 duce,
775 1480 843 1529 navis
859 1492 908 1529 eat.

267 1553 332 1605 Naso
349 1553 466 1619 legendus
484 1564 556 1611 erat,
575 1564 634 1601 tunc
651 1548 705 1601 crim
722 1550 836 1603 didicistis
852 1566 948 1604 amaret

305 1626 372 1675 Idem
389 1642 452 1675 nunc
468 1624 539 1676 vobis
554 1625 620 1674 Naso
636 1623 754 1691 legendus
771 1624 829 1675 erit.

268 1698 381 1751 Publicus
399 1697 498 1748 assertor
514 1697 617 1748 dominis
635 1695 743 1763 oppressa
760 1697 851 1748 levabo

305 1770 406 1821 Peuora
422 1788 430 1822 ι
446 1770 555 1822 vindisiae
572 1771 672 1839 quisque
690 1770 772 1819 favete
788 1770 855 1822 suae..

159 1838 164 1845 ¹
225 1856 258 1907 75
268 1843 308 1894 Te
323 1861 430 1909 precor,
447 1844 614 1902 Arcitenens,
632 1843 694 1891 adsit
709 1854 752 1891 tua
768 1843 852 1893 laurea
867 1842 952 1895 nobist

308 1916 425 1966 Carminis
442 1916 467 1965 bt
482 1917 602 1972 medice,
622 1914 735 1969 Phoebe,
753 1929 868 1980 repertor
883 1917 944 1983 opis.

206 2007 208 2011 “
271 1990 312 2040 Tu
327 1989 416 2055 pariter
433 1988 500 2046 vati,
519 1988 610 2055 pariter
626 1988 737 2037 succurre
753 1988 884 2039 medentis

308 2062 418 2129 Utraque
434 2064 519 2112 tutelae
532 2060 624 2111 subdita
641 2078 698 2110 cura
714 2074 773 2110 tuae.

272 2139 338 2188 Dum
356 2136 434 2192 licet,
452 2135 478 2186 ὃ(
494 2136 582 2185 modici
598 2146 701 2201 tangunt
717 2134 851 2201 praecordra
865 2146 964 2193 motust

230 2209 264 2259 80
311 2210 336 2260 Si
352 2209 437 2276 piget,
455 2210 480 2259 in
496 2210 573 2276 primo
591 2208 672 2257 limine
689 2207 744 2257 sisse
760 2207 859 2273 pedem.

275 2283 409 2350 Opprime,
420 2283 476 2333 dum
486 2298 550 2332 nova
560 2282 627 2340 sunt,
640 2280 708 2330 subiti
718 2281 779 2329 mala
789 2279 878 2330 semina
886 2278 961 2331 morbi
971 2292 981 2335 ς

312 2356 343 2405 Et
359 2369 434 2414 tuus,
453 2355 572 2420 incipiens
587 2354 642 2412 ire,
659 2352 752 2403 resistat
767 2369 852 2418 equus.

275 2430 338 2479 Nam
348 2445 416 2478 mora
427 2428 467 2478 dat
477 2428 542 2479 vires
554 2444 561 2479 t
576 2439 672 2477 teneras
684 2442 751 2475 mora
765 2426 896 2492 percoquit
905 2440 962 2477 uvas
972 2437 983 2484 3

236 2556 245 2567 x
313 2501 345 2550 Et
359 2500 450 2549 validas
465 2500 578 2565 segetes,
597 2499 663 2563 quod
678 2497 723 2547 fuit
736 2498 830 2557 herba,
848 2499 918 2552 facit.
934 2498 938 2503 ’

235 2573 266 2637 85
279 2573 341 2639 Quae
357 2572 452 2637 praehet
466 2572 526 2621 latas
542 2571 614 2621 arbor
631 2569 785 2635 spatiantibus
800 2572 917 2631 umbras,

315 2646 374 2711 Quo
391 2644 469 2712 posita
484 2643 518 2694 est
533 2642 634 2711 primum
650 2656 778 2710 tempore,
795 2643 862 2711 virga
879 2644 937 2697 fuit.

278 2720 343 2772 Tum
361 2730 459 2786 poterat
474 2719 581 2770 manibus
597 2717 686 2769 summi
702 2715 790 2767 tellure
806 2717 916 2777 revelli3

317 2795 389 2843 Nunc
405 2793 450 2845 stat
465 2793 491 2843 in
505 2792 643 2843 immensum
659 2792 748 2842 viribus
764 2791 832 2841 auda
849 2791 905 2842 suis.

281 2866 363 2931 Quale
372 2866 403 2917 sit
411 2868 435 2917 id
446 2901 454 2927 ,
465 2868 530 2934 quod
541 2883 622 2922 amas,
634 2866 709 2916 celeri
720 2862 873 2931 circumspice
883 2872 988 2921 mentes

237 2951 271 3004 90
317 2940 349 2989 Et
365 2952 407 2991 tua
421 2940 507 2999 laesuro
521 2940 631 2992 subtrahe
648 2939 711 2989 colla
726 2937 795 3004 jugo.

280 3010 405 3079 Principiis
420 3013 484 3064 obsta
500 3030 507 3065 t
523 3010 576 3064 serb
592 3012 709 3063 medicina
726 3022 842 3074 paratur,
876 3029 885 3059 .·

317 3083 381 3138 Cim
395 3089 456 3140 mala
471 3103 517 3157 per
531 3084 778 3158 longesconvaluere
793 3091 885 3139 morast
