2392 3892
803 457 900 525 80
996 454 1077 522 P.
1138 453 1512 523 OVIDII
1568 455 1999 525 NASONIS·

680 588 778 638 305
809 574 1065 621 Hunccine
1084 587 1136 623 tu
1158 574 1317 638 speres
1343 574 1583 623 hominem
1603 575 1704 623 sine
1723 574 1920 639 pe6'tore
1940 576 2083 625 dotes

875 645 1011 695 Posse
1034 647 1142 697 satis
1164 647 1361 702 sormae‚
1385 647 1601 713 Tyndari
1619 680 1634 705 ,
1657 646 1789 696 nosse
1808 645 1942 697 tuae?

799 719 1006 770 falleris
1020 735 1039 769 t
1058 720 1251 788 ignorat
1275 737 1292 777 3
1321 736 1413 769 nec
1432 754 1448 778 ,
1483 720 1523 769 si
1544 722 1668 769 bona
1685 719 1859 768 summa
1878 732 2071 785 putaret

877 792 1004 856 Quae
1031 805 1168 843 tenet
1192 826 1208 850 ,
1245 806 1450 843 externo
1480 794 1701 844 crederet
1729 793 1809 841 illa
1832 794 1960 842 viro.

799 865 873 915 Ut
904 879 955 915 te
982 882 1077 915 nec
1105 883 1211 915 mea
1243 883 1343 916 vox
1361 899 1378 924 ,
1413 882 1506 916 nec
1532 879 1585 916 te
1610 882 1742 915 meus
1770 864 1942 915 incitet
1961 866 2127 924 ardor¹

680 952 785 1005 310
878 937 1113 1006 Cogimur
1141 939 1289 1004 ipsius
1319 940 1660 989 commoditate
1692 938 1805 988 frui.

804 1012 908 1062 Aut
938 1014 1114 1062 erimus
1141 1012 1301 1072 stulti,
1335 1014 1404 1061 sic
1432 1026 1487 1061 ut
1519 1013 1795 1078 superemus
1826 1010 1877 1061 &
1909 1010 2057 1077 ipsum
2077 1042 2097 1068 ‚

879 1086 928 1133 Si
956 1099 1054 1134 tam
1089 1085 1305 1133 securum
1334 1097 1523 1149 tempus
1555 1085 1707 1133 abibit
1734 1085 1884 1133 iners.
2026 1140 2040 1152 ‚

805 1156 950 1207 Paene
977 1158 1066 1206 suis
1093 1157 1154 1204 ad
1179 1169 1232 1205 te
1261 1158 1474 1205 manibus
1506 1157 1700 1207 deducit
1726 1170 1964 1207 amantem
1986 1172 2004 1209 t

879 1230 1034 1277 Utere
1064 1245 1163 1278 non
1192 1230 1313 1278 vafri
1344 1229 1650 1295 simplicitate
1678 1229 1790 1279 viri.

684 1318 709 1368 3
725 1318 782 1367 15
807 1301 918 1351 Sola
939 1300 1074 1367 jaces
1091 1302 1243 1351 viduo
1271 1315 1370 1352 tam
1388 1302 1534 1371 long}
1551 1303 1693 1353 noste
1713 1302 1857 1352 cubili
1876 1318 1907 1353 ι·

881 1375 935 1423 1n
966 1376 1114 1425 viduo
1141 1374 1286 1441 jaceo
1315 1378 1443 1426 solus
1475 1376 1525 1425 ὅ(
1550 1376 1648 1441 ipse
1674 1389 1808 1426 toro.

808 1448 890 1497 Te
909 1448 1024 1498 mihi
1046 1483 1062 1508 ,
1102 1466 1278 1515 meque
1297 1450 1385 1499 tibi
1408 1450 1674 1499 communia
1694 1448 1863 1515 gaudia
1892 1448 2116 1515 jungant.

884 1521 1149 1572 Candidior
1181 1523 1342 1572 medio
1378 1540 1477 1573 nox
1513 1522 1606 1573 erit
1638 1522 1719 1570 illa
1751 1521 1847 1570 die.

808 1596 950 1644 Tunc
986 1612 1090 1662 ego·
1107 1594 1281 1661 jurabo
1312 1596 1492 1662 quaevis
1523 1595 1609 1644 tibi
1639 1594 1830 1644 numina
1854 1611 1872 1651 3
1904 1609 2079 1660 meque

685 1680 791 1731 320
886 1667 1154 1735 Astringam
1175 1670 1336 1718 verbis
1367 1670 1418 1717 in
1447 1669 1573 1718 sacra
1599 1668 1709 1734 jura
1739 1668 1850 1717 tuis.

720 1792 727 1795 ,
807 1740 949 1789 Tunc
980 1757 1077 1807 ego
1096 1774 1112 1800 ‚
1151 1741 1194 1790 si
1222 1758 1322 1789 non
1352 1742 1418 1790 est
1444 1742 1587 1791 fallax
1615 1740 1789 1790 fiducia
1819 1739 1962 1789 nostri
1988 1772 2006 1797 ,

881 1811 1097 1862 Efficiam
1120 1847 1137 1874 ,
1171 1814 1380 1879 praesens
1414 1827 1469 1864 ut
1498 1832 1605 1865 mea
1632 1830 1782 1882 regna
1813 1826 1970 1880 petas.

809 1884 861 1933 si
886 1885 1037 1948 pudet
1055 1919 1072 1943 ‚
1107 1887 1159 1937 &
1188 1888 1361 1937 metuis
1383 1918 1399 1943 ,
1438 1904 1501 1936 ne
1530 1904 1608 1937 me
1634 1888 1833 1937 videare
1866 1886 2025 1935 secuta
2050 1903 2070 1942 3

886 1957 990 2021 lpse
1019 1974 1130 2007 reus
1163 1959 1267 2007 sine
1296 1971 1347 2008 te
1376 1960 1584 2009 criminis
1613 1960 1759 2026 hujus
1786 1976 1918 2027 agar.

688 2042 788 2093 325
812 2030 936 2078 Nam
954 2028 1130 2095 -sequar
1143 2028 1334 2097 AEgidae
1363 2030 1537 2080 saelum
1554 2066 1570 2091 ,
1603 2034 1899 2098 fratrumque
1928 2044 2119 2081 tuorum

884 2102 1121 2169 Exemplo
1147 2104 1282 2171 tangi
1312 2120 1410 2153 non
1438 2106 1667 2171 propiore
1700 2119 1863 2172 potes.

811 2176 888 2225 Te
921 2176 1076 2243 rapuit
1105 2177 1323 2227 Theseus
1343 2211 1357 2236 ,
1394 2179 1605 2245 geminas
1634 2176 1952 2244 Leucippidas
1974 2178 2082 2226 illit

886 2247 1100 2310 Quartus
1127 2250 1176 2299 in
1208 2252 1439 2317 exemplis
1468 2253 1818 2301 annumerabor
1848 2266 1962 2315 ego·

812 2320 970 2369 Tro‘ia
995 2323 1157 2371 classis
1180 2323 1307 2372 adest
1330 2358 1345 2381 ,
1383 2325 1525 2373 armis
1552 2322 1770 2373 instrusta
1802 2322 2008 2385 virisque
2038 2338 2062 2373 t

689 2404 796 2456 330
887 2391 991 2443 Jam
1020 2394 1205 2444 facient
1234 2397 1421 2445 celeres
1451 2412 1610 2446 remus
1641 2396 1693 2444 δε
1720 2410 1834 2443 aura
1865 2393 1989 2441 vias.

815 2465 910 2514 Ibis
938 2465 1207 2516 Dardanias
1243 2469 1410 2534 ingens
1440 2468 1605 2533 regina
1639 2482 1729 2531 per
1754 2466 1900 2515 urbes
1922 2496 1938 2520 ,

887 2537 1061 2604 Teque
1098 2556 1272 2589 novam
1301 2539 1468 2588 credet
1496 2540 1669 2605 vulgus
1697 2536 1854 2586 adeffe
1883 2536 2063 2587 Deam.

813 2608 1026 2677 Quaque
1054 2612 1183 2662 feres
1212 2611 1389 2680 gressus
1407 2645 1424 2668 ,
1455 2612 1722 2661 adolebunt
1749 2610 1964 2660 cinnama
1994 2612 2127 2660 flamm

888 2683 1117 2751 Caesaque
1140 2684 1440 2753 sanguineam
1461 2684 1648 2734 viffima
1666 2684 1866 2753 planget
1886 2685 2084 2733 humum
2108 2718 2121 2741 ,

695 2767 795 2819 335
818 2756 967 2806 Dona
992 2769 1135 2823 pater
1159 2756 1422 2823 fratresque
1445 2790 1461 2815 ‚
1497 2757 1548 2809 &
1572 2775 1679 2807 cum
1709 2758 1943 2827 genitrice
1964 2759 2127 2807 sorore

887 2828 1153 2895 Iliadesque
1185 2847 1353 2881 omnes
1374 2864 1391 2890 ‚
1430 2843 1633 2898 totaque
1661 2831 1814 2899 Troja
1835 2866 1850 2891 ‚
1888 2832 2086 2881 dabunt.

815 2898 914 2948 Hei
935 2901 1046 2950 mihi
1074 2901 1088 2949 Ξ
1114 2921 1225 2967 pars
1246 2921 1274 2953 a
1294 2921 1371 2953 me
1398 2905 1482 2955 vix
1501 2906 1675 2956 dicitur
1694 2907 1789 2955 ulla
1810 2905 1977 2955 futuri.

889 2969 1031 3021 Plura
1063 2974 1191 3023 feres
1213 3008 1229 3032 ,
1266 2980 1405 3039 quam
1436 2994 1545 3044 quae
1576 2979 1717 3027 litera
1746 2977 1903 3027 nostra
1932 2976 2104 3026 refert.

817 3042 925 3091 Nec
954 3053 1008 3090 tu
1038 3058 1172 3108 rapta
1191 3047 1308 3105 time
1330 3079 1343 3104 ,
1376 3065 1439 3098 ne
1470 3066 1558 3098 nos
1581 3049 1683 3099 fera
1705 3049 1829 3097 bell'a
1856 3049 2110 3115 sequantur

697 3126 798 3178 340
893 3113 1124 3188 Concitet
1148 3116 1199 3165 &
1226 3118 1353 3170 vives
1383 3120 1573 3172 Graecia
1595 3136 1763 3189 magna
1786 3120 1908 3173 suas·-
