2392 3892
295 473 569 550 Hnnoinss.
595 471 670 546 En
694 484 775 549 XV.
839 478 891 575 69

186 599 219 650 At
231 597 286 648 cum
303 599 327 648 se
341 599 415 647 Titan
432 595 552 656 ostendit,
571 598 597 647 &
614 597 692 645 omnia
707 599 805 659 iecum3
905 616 954 669 135

221 672 285 721 Tam
297 669 346 721 cito
356 687 393 720 me
404 671 498 721 somnos
508 668 635 720 destituisse
644 685 742 735 queror.

187 744 263 795 Antra
270 760 401 811 nemusque
410 757 484 808 peto,
493 757 613 809 tamquam
621 759 706 794 nemus
712 756 828 810 antraque
835 749 945 815 prosintz

180 817 182 822 ’
224 817 328 866 Conscia
338 816 432 866 deliciis
442 816 482 864 iiia
490 816 559 865 fuere
567 816 626 865 tuis.

188 889 249 941 Illuc
262 890 349 938 mentis
363 890 450 952 inops,
464 900 493 937 ut
505 904 575 953 quam
589 886 679 938 iuriaiis
690 886 811 942 Erichtho

226 963 341 1027 Impulit,
351 962 376 1008 in
387 961 452 1008 collo
464 959 530 1008 crine
539 958 650 1024 jacente,
658 960 734 1011 iecor.
909 982 960 1033 ¹40

188 1033 270 1085 Antra
283 1032 368 1081 vident
378 1032 443 1080 oculi
453 1032 537 1082 scabro
545 1032 674 1098 pendentia
684 1034 761 1101 topho
771 1068 781 1096 ,

228 1105 295 1168 Quae
308 1105 365 1154 mihi
375 1104 502 1172 Mygdonii
512 1107 634 1157 marmoris
643 1105 714 1158 instar
722 1120 801 1163 etant.

188 1178 297 1230 Invenio
305 1178 401 1237 silvam,
411 1194 464 1243 quae
474 1177 535 1244 saepe
549 1179 634 1229 cubilia
645 1180 715 1231 nobis

228 1250 352 1309 Praebuit,
368 1250 394 1301 &
403 1250 478 1300 muita
485 1251 547 1301 texit
554 1269 630 1317 opaca
637 1255 707 1303 comi
718 1270 727 1306 a

191 1324 226 1377 At
238 1339 289 1374 non
303 1324 401 1374 invenio
414 1323 535 1372 dominum
545 1324 661 1389 silvaeque
671 1343 809 1395 meumque,
911 1346 961 1397 145
1037 1333 1039 1337 ⁴

228 1396 290 1448 Vile
302 1396 455 1445 solumiocus
466 1394 518 1444 est:
531 1395 573 1445 dos
583 1409 637 1446 erat
646 1397 687 1446 ilie
697 1399 755 1450 loci.

193 1469 293 1539 Aptovi
303 1467 391 1535 preisas
399 1468 451 1518 noti
463 1468 519 1517 mihi
529 1467 625 1535 cespitis
634 1470 739 1522 herbas:

230 1544 271 1594 De
282 1541 364 1592 nostro
374 1558 473 1591 curvum
486 1541 594 1607 pondere
605 1559 703 1609 gramen
712 1556 775 1597 erat.

192 1616 295 1668 incubui
306 1649 314 1674 ,
325 1615 441 1683 tetigique
452 1616 548 1672 locum,
558 1614 606 1681 qui
614 1630 682 1680 parte
695 1616 774 1669 fuisti:

232 1688 310 1741 Grata
318 1685 382 1754 priuis
391 1691 507 1755 lacrymas
518 1688 632 1737 combibit
640 1690 714 1739 herba
723 1708 798 1744 meas.
917 1709 928 1747 ι
934 1710 968 1761 50

194 1760 263 1827 Quin
274 1762 347 1812 etiam
355 1762 414 1811 tami
422 1761 507 1827 positis
516 1762 599 1828 lugere
609 1762 722 1813 videntur

233 1835 386 1893 Frondibus,
399 1835 424 1885 &
438 1834 508 1883 nuilae
520 1834 591 1883 dulce
603 1849 736 1901 queruntur
743 1854 812 1893 aves.

197 1906 254 1958 Sola
264 1907 341 1958 virum
351 1923 400 1957 non
409 1909 459 1957 ulta
470 1906 526 1973 pisi,
537 1906 679 1959 mestissima
689 1924 783 1974 mater,
858 1952 861 1959 .

236 1979 351 2031 Concinit
358 1979 477 2039 limanium
486 1980 585 2032 Daulias
595 1984 646 2033 ales
656 1983 722 2051 Ityn.

198 2052 257 2104 Ales
268 2052 339 2120 Ityn,
350 2052 446 2120 Sappho
457 2054 564 2105 desertos
575 2069 657 2106 cantat
669 2074 775 2109 amores.
915 2076 945 2126 ¹5
951 2078 964 2125 5

234 2125 375 2185 Hactenus
388 2138 415 2176 ut
426 2126 504 2176 media
516 2139 599 2177 cetera
607 2128 677 2177 noue
686 2130 768 2178 silent.

199 2197 240 2249 Est
249 2199 340 2250 nitidus
350 2232 358 2257 ,
367 2200 495 2264 vitreoque
504 2200 578 2264 magis
587 2200 723 2263 perlucidus
730 2198 794 2249 amni
803 2233 812 2260 ,

236 2272 300 2324 Fons
311 2270 396 2321 sacer:
407 2272 471 2320 hunc
482 2270 550 2319 multi
561 2285 648 2319 numen
658 2271 749 2320 habere
755 2284 840 2338 putant
850 2288 860 2326 t

201 2343 284 2412 Quem
296 2345 366 2411 supra
375 2360 455 2393 ramos
465 2342 580 2410 expandit
589 2343 698 2408 aquatica
707 2345 772 2395 lotos
781 2377 790 2406 ,

238 2418 499 2468 Unanemnsttenero
506 2415 596 2482 cespite
605 2428 670 2466 terra
679 2418 753 2468 viret.
920 2422 971 2477 160

200 2490 250 2543 Hic
266 2508 315 2558 ego
330 2489 384 2541 cuim
397 2489 465 2541 laffos
473 2489 600 2558 posuiffem
609 2490 704 2541 fletibus
712 2503 792 2554 artus,

238 2564 356 2615 Constitit
366 2577 421 2615 ante
432 2566 516 2615 ocuios
526 2563 603 2614 Naias
611 2580 658 2612 una
669 2581 746 2616 meos.

200 2636 331 2696 Constitit,
346 2637 372 2688 &
383 2637 460 2696 dixit;
474 2636 596 2701 Quoniam
610 2653 659 2686 non
669 2637 762 2704 ignibus
771 2636 847 2707 aequie

238 2711 341 2766 Uteris,
354 2709 492 2759 Ambracias
500 2721 564 2759 terta
573 2710 680 2775 petenda
688 2710 741 2759 tibi.

202 2782 310 2835 Phoebus
317 2784 348 2833 ab
360 2780 472 2838 excelso,
483 2794 596 2845 quantum
606 2793 687 2846 patet,
699 2780 784 2845 aspicit
794 2798 894 2850 aequort
922 2788 970 2853 165

241 2855 368 2906 Athacum
378 2852 461 2918 populi
473 2852 667 2917 Leucadiumque
677 2865 775 2904 vocant.

207 2927 271 2978 Hinc
282 2929 306 2977 se
317 2926 471 2982 Deucalion,
482 2921 580 2991 Pyrrhe
589 2924 716 2975 succensus
726 2942 825 2990 amore,

243 3000 331 3058 Misit,
347 3000 373 3052 ὃ(
388 2998 461 3048 illaeso
470 3013 574 3063 corpote
584 2998 671 3063 pressit
679 3016 760 3066 aquas.

208 3072 264 3125 Nec
272 3090 337 3125 nora
348 3089 355 3123 τ
365 3072 447 3123 versus
455 3070 530 3122 Amor
540 3071 623 3138 tetigit
631 3072 761 3124 lentissima
769 3072 867 3146 Pyrrha

246 3143 751 3217 Peitota;Deucalionignelevatusetat.
924 3158 977 3208 170
