2392 3892
204 739 957 824 melem.

275 924 522 1015 'OVIDII
558 922 865 1009 NASONIS

298 1111 730 1239 4ΝὈΧο

362 1324 779 1413 ELEGIA

184 1447 305 1572 Nux
320 1529 368 1582 ego
382 1514 462 1579 junlla
471 1516 537 1573 viae,
557 1514 611 1566 crim
622 1517 665 1566 sim
681 1517 733 1568 sine
743 1517 843 1568 crimine
858 1516 934 1580 vitae,

223 1589 246 1638 A
263 1590 354 1656 populo
372 1589 430 1639 laris
446 1601 608 1654 pretereunte
624 1602 706 1655 petor.

186 1663 301 1714 Obruere
318 1661 358 1710 isia
374 1661 436 1711 solet
452 1661 586 1711 manifestos
603 1679 673 1726 poena
690 1676 829 1722 nocentes,

224 1735 321 1785 Publica
338 1732 392 1785 crim
409 1735 497 1784 lentam
513 1751 562 1782 non
579 1736 644 1800 capit
661 1736 695 1784 ira
713 1751 814 1788 moram.

185 1808 229 1858 Nil
245 1825 293 1874 ego
307 1808 428 1873 peccavi5
449 1807 492 1856 nisi
507 1809 527 1856 si
543 1808 651 1872 peccalle
667 1823 790 1870 vocetur,
909 1824 922 1873 5

224 1881 310 1930 Annua
328 1882 416 1930 cultori
430 1897 501 1946 poma
517 1882 611 1930 referte
628 1880 682 1929 suo.

186 1954 222 2004 At
237 1954 302 2017 prius
318 1955 461 2010 arboribus,
479 1963 531 2002 tum
549 1952 603 2002 erim
619 1955 719 2004 meliora
736 1955 805 2006 fuere

224 2026 364 2091 Tempora,
385 2041 507 2077 certamen
522 2026 653 2077 fertilitatis
671 2042 732 2077 erar.

187 2097 250 2149 Crlm
270 2100 358 2149 domini
373 2116 493 2149 memores
510 2100 578 2149 sertis
594 2116 681 2150 ornare
699 2101 807 2152 solebant

224 2171 371 2238 Agricolas,
388 2174 466 2222 lrullu
482 2175 664 2238 proveniente,
680 2173 760 2223 Deos.
910 2188 943 2226 to

186 2244 257 2311 Saepe
274 2259 327 2295 tuas
344 2245 433 2312 igitur,
453 2246 544 2304 Liber,
561 2248 662 2296 miratus
678 2263 704 2296 es
722 2263 800 2298 uvas:
872 2280 875 2286 ·

224 2318 313 2367 Mirata
330 2317 363 2367 est
379 2319 446 2368 oleas
463 2317 524 2384 saepe
541 2319 653 2369 Minerva
672 2319 734 2368 suas.

186 2389 310 2456 Pomaque
327 2390 436 2440 laesillent
451 2404 571 2450 matrem3
590 2393 617 2441 ni
635 2392 727 2442 subdita
742 2406 809 2440 ramo

225 2464 309 2531 Longa
325 2465 443 2514 laboranti
461 2464 527 2513 furca
544 2464 633 2515 tulisset
651 2482 731 2530 opem.

189 2536 255 2601 Quin
273 2537 345 2586 etiarn
360 2538 474 2603 exemplo
490 2539 599 2602 pariebat
615 2539 703 2588 femina
721 2536 821 2596 nostr03
913 2554 944 2606 15

226 2611 346 2677 Nullaque
360 2628 411 2660 non
427 2612 469 2660 illo
487 2623 596 2675 tempore
614 2624 691 2660 mater
708 2625 770 2661 erat.

188 2683 223 2733 At
234 2682 355 2749 postquam
370 2684 490 2749 platanis,
507 2682 609 2732 sterilem
621 2686 782 2750 prebentibus
800 2685 905 2736 umbram
917 2719 925 2743 ‚
1005 2678 1008 2687 Α

227 2756 332 2806 Uberior
349 2759 431 2823 quavis
447 2758 534 2806 arbore
549 2756 618 2806 venit
632 2759 731 2817 honos;

190 2828 244 2878 Nos
255 2845 351 2895 quoque
361 2831 483 2897 frugifera
493 2864 501 2887 ,
513 2830 533 2879 si
543 2847 592 2880 nux
607 2831 681 2879 modi>
691 2847 771 2895 ponor
785 2830 810 2878 in
821 2830 866 2882 illis
877 2863 885 2889 ,

227 2899 352 2966 Coepimus
368 2902 393 2950 in
407 2903 501 2966 patulas
517 2903 640 2952 luxuriare
655 2918 746 2954 comas.
911 2919 947 2954 20

191 2975 265 3024 Nunc
280 2974 359 3036 'neque
375 2975 503 3024 continuos
520 2975 649 3026 nascuntur
666 2993 737 3041 poma
754 2991 799 3041 per
813 2992 908 3028 annos:

229 3046 333 3111 Uvaque
349 3045 404 3095 laesa
421 3048 516 3098 domum
527 3081 539 3106 ‚
552 3049 655 3116 lesaque
671 3051 745 3099 bacca
763 3051 840 3100 venit.

191 3121 264 3170 Nunc
281 3131 377 3168 uterum
391 3119 481 3179 vitiat,
496 3138 550 3187 quie
565 3123 620 3172 vult
635 3123 738 3172 formosa
754 3122 852 3173 videri:

231 3193 341 3259 Raraque
355 3192 380 3243 in
394 3193 443 3243 hoc
454 3209 510 3243 aevo
524 3193 577 3254 elt.
596 3212 649 3261 quae
659 3197 720 3245 velit
734 3193 782 3246 else
797 3211 893 3260 parens.
963 3199 966 3203 ’

193 3263 270 3315 cene
285 3284 351 3333 ego,
370 3267 390 3317 si
406 3282 532 3333 numquam
540 3269 700 3332 peperissem,
715 3269 794 3318 tutior
805 3269 884 3320 essem.
916 3286 953 3336 25

232 3337 275 3388 lua
293 3341 471 3409 clytemnestra
488 3339 558 3408 digna
575 3342 673 3406 querela
688 3342 747 3392 luit.

804 3435 859 3487 Ne
