2392 3892
265 442 402 515 Lrnan
429 446 477 514 11.
503 444 695 512 Erum
721 443 820 513 XIV.
850 445 918 518 161

217 557 285 613 Leuis
301 563 360 613 ades
372 559 386 620 ,’
398 564 555 629 precibusque
569 563 629 612 meis
645 563 722 620 save,
741 561 857 629 Ilithyia:

249 637 330 703 Digna
346 635 397 693 est,
416 652 485 700 qutun
501 635 585 702 jubeas
601 634 707 685 muneris
725 633 771 684 esse
785 636 830 687 tui.

213 704 264 775 Ipse
280 725 328 775 ego
343 720 397 757 tura
414 708 475 758 dabo
491 709 590 758 fumosis
606 708 719 757 candidus
736 707 803 756 aris:
860 719 862 723 '

248 781 300 846 lpse
321 781 395 830 feram
410 792 466 830 ante
480 793 536 831 tuos
552 798 650 829 munera
666 791 724 829 vota
740 779 827 843 pedes.

209 850 330 918 Adjiciam
346 855 462 910 titulum,
484 853 584 902 Servati
602 853 666 902 Naso
683 850 810 901 Corinnia:
931 868 963 916 ²5

247 926 287 976 'su
302 925 377 976 modb
394 926 432 974 sac
448 925 521 975 titulo
536 926 672 976 muneribus
689 941 720 974 ue
737 925 829 976 locum.

210 996 238 1048 Si
253 1009 336 1050 tamen
355 999 464 1047 intanto
482 997 517 1048 sas
532 998 566 1048 est
583 942 697 1047 monuisse
714 996 801 1047 timore
810 1012 823 1056 3

245 1070 299 1122 Hac
318 1070 361 1121 tibi
377 1070 409 1121 sit
422 1068 501 1139 pugni
518 1070 647 1122 dimicuisse
665 1070 729 1121 satis.

243 1175 889 1248 e—--‘==a”s,''r==..--==t-
912 1183 915 1188 ⁵

255 1303 260 1313 “
350 1293 604 1357 ELEGlA
652 1295 777 1359 XIV.

235 1496 244 1527 p
283 1463 349 1502 vu>
362 1450 434 1519 juvat
446 1454 561 1505 immunes
579 1450 636 1503 belii
652 1451 740 1503 cessare
756 1449 874 1519 pueliasi

281 1524 337 1575 Nec
356 1527 407 1576 sera
423 1531 524 1593 peltatas
540 1528 633 1595 agmina
647 1527 712 1575 velie
729 1526 821 1591 sequi?

210 1594 234 1647 si
249 1596 301 1647 sine
317 1596 418 1658 Marte,
438 1601 483 1651 suis
499 1597 621 1667 patiuritur
636 1600 736 1649 vulnera
750 1598 827 1658 telis,
892 1647 896 1651 .

243 1668 274 1719 Et
292 1687 368 1721 caecas
383 1686 474 1723 armant
489 1675 513 1722 in
530 1673 569 1722 sua
587 1673 635 1722 sata
652 1689 745 1722 manus.

211 1740 269 1807 Quae
287 1744 362 1808 prima
380 1746 475 1796 instituit
491 1759 590 1796 teneros
609 1747 749 1795 convellere
765 1745 852 1803 setus,
925 1757 939 1807 5

243 1815 332 1865 Militia
349 1818 427 1867 suerat
444 1819 514 1886 digna
531 1820 611 1885 perire
629 1818 677 1867 sud.

209 1885 324 1947 Scilicet,
343 1902 369 1939 ut
386 1905 466 1940 careat
481 1909 592 1957 rugarum
610 1891 707 1940 crimine
723 1903 831 1951 vernet,

241 1961 368 2012 Sternetur
382 1981 466 2032 pugnae
482 1965 552 2014 tristis
567 1982 639 2014 arena
654 1976 712 2015 tuae.

209 2032 232 2083 Si
246 2051 299 2085 mos
316 2036 418 2101 antiquis
436 2038 556 2103 placuisset
574 2038 686 2086 matribus
703 2038 787 2095 idern,

241 2106 310 2157 Gens
326 2108 448 2158 hominum
462 2110 523 2158 vitio
538 2110 674 2174 deperitura
691 2110 754 2157 suit:
923 2120 956 2158 10

208 2176 301 2246 Quique
319 2181 407 2230 iterum
424 2182 518 2246 generis
535 2181 627 2244 jaceret
641 2179 771 2244 primordia
788 2176 861 2227 nostri

239 2253 267 2302 ln
282 2269 363 2301 vacuo
380 2254 469 2317 lapides
487 2254 565 2309 orbe,
585 2253 703 2317 parandus
722 2262 782 2299 erat.

207 2322 264 2388 Quis
281 2325 370 2375 Priami
386 2325 491 2392 fregisset
507 2341 586 2391 opas,
606 2325 625 2374 si
640 2340 728 2373 numen
743 2338 858 2389 aquarum

239 2398 304 2449 Justa
320 2398 446 2449 recusasset
460 2399 568 2464 pondera
585 2398 649 2447 serre
665 2395 774 2446 Thetis?

206 2468 245 2520 ilia
261 2472 283 2519 si
298 2472 391 2522 tumido
410 2473 517 2538 geminos
533 2472 557 2526 in
575 2483 660 2522 ventre
677 2470 800 2530 necasset,
921 2482 951 2532 15

237 2542 340 2592 Casurus
357 2544 458 2595 dominae
475 2546 585 2595 conditor
603 2546 676 2595 Urbis
692 2556 754 2594 erat.

204 2613 230 2666 Si
241 2617 327 2668 Venus
342 2615 437 2666 AEnean
452 2618 549 2685 gravidi
565 2617 701 2667 temerasset
717 2618 742 2666 in
759 2617 834 2673 alvo,

214 2745 217 2749 ¹
238 2688 370 2738 Caesaribus
388 2691 460 2745 tellus
478 2691 536 2738 orba
551 2691 631 2739 sutura
646 2690 701 2739 suit.

204 2759 241 2810 Tu
255 2776 372 2827 quoque,
390 2758 444 2811 edm
459 2761 535 2824 posses
553 2762 635 2817 nasci,
651 2760 772 2817 formosa,
789 2754 907 2821 perisses;

237 2832 361 2883 Tentasset
373 2865 380 2889 ‚
397 2832 463 2898 quod
477 2845 523 2888 tu,
540 2833 615 2881 situi
630 2845 706 2881 mater
720 2846 792 2895 opus.
915 2845 951 2881 20

203 2904 255 2971 lpse
270 2919 335 2972 egoj
355 2904 408 2956 crim
424 2905 508 2954 fuerim
522 2905 606 2953 melius
623 2906 742 2970 periturus
758 2901 879 2963 amando,

238 2978 351 3028 Vidissem
367 2981 464 3035 nullos,
482 2989 557 3025 matre
575 2989 697 3033 necante,
716 2976 777 3026 dies.

204 3049 269 3114 Quid
286 3053 378 3113 plenam
395 3052 489 3103 fraudas
504 3050 578 3102 vitem
596 3048 756 3099 crescentibus
771 3044 846 3101 uv'us

238 3120 357 3190 Pomaque
373 3126 468 3179 crudeli
480 3126 549 3181 vellis
564 3125 651 3177 acerba
668 3119 760 3176 manui
859 3173 862 3178 ,
901 3116 907 3124 ’
