2392 3892
297 458 455 532 Irata
476 463 508 534 Ι.
532 464 727 534 Ereota
750 470 792 538 V.
845 485 917 561 125

162 635 167 654 ι
218 579 259 633 sed
274 600 430 651 quecumque
445 596 525 634 tamen
541 584 636 635 notiem
652 585 751 633 fortuna
766 584 893 650 sequatur,

162 673 164 678 ·
248 655 306 705 Cras
323 657 382 708 mihi
399 656 513 708 constanti
530 674 593 707 voce
612 656 701 707 dedisse
718 673 791 723 nega.
926 674 962 722 70

177 761 180 765 ’
243 766 890 839 «πῆμα-ἐπ·

395 882 652 945 ELEGIA
694 884 738 945 V.

217 978 288 1096 ΔΕ
299 1054 375 1093 saus
388 1053 440 1091 erat
451 1073 458 1100 ,
471 1040 621 1110 mediamque
632 1022 684 1093 dies
694 1054 811 1111 exegerat
820 1042 945 1093 umbram:

244 1113 356 1181 Apposui
374 1114 453 1165 medio
469 1116 573 1166 membra
589 1116 691 1167 levanda
708 1128 776 1167 toro.

215 1182 264 1238 Pars
277 1189 396 1253 adaperta
413 1187 477 1247 fuit,
496 1205 551 1253 pars
566 1189 642 1239 altera
658 1189 737 1240 clausa
753 1189 884 1240 fenestrae:

246 1260 325 1325 Quale
345 1259 398 1311 fere
413 1261 480 1312 silvae
498 1263 579 1310 lumen
595 1262 686 1311 habere
703 1262 790 1313 solent.

215 1330 295 1396 Qualia
312 1333 456 1392 sublucent,
472 1334 600 1399 fugiente,
619 1333 776 1399 crepuscula,
793 1334 907 1385 Phoebo:
930 1349 943 1396 5

245 1404 294 1455 Aut
308 1407 349 1455 ubi
365 1422 416 1455 nox
433 1406 510 1465 abiit,
528 1422 574 1455 nec
591 1417 673 1455 tamen
690 1418 743 1455 orta
759 1406 821 1458 dies.

162 1509 164 1516 ·
215 1476 252 1527 Illa
268 1479 414 1530 verecundis
431 1479 473 1528 lux
490 1477 524 1528 est
540 1479 671 1545 praebenda
687 1479 793 1544 puellis,

245 1549 302 1615 Quia
317 1553 412 1602 timidus
430 1553 534 1602 latebras
549 1552 632 1617 speret
646 1552 737 1602 habete
753 1552 842 1617 pudor.

215 1622 273 1674 Ecce
290 1624 398 1676 Corinna
412 1626 498 1684 venit,
519 1624 603 1674 tunicis
618 1627 699 1676 velata
714 1625 838 1684 recintia,

245 1698 354 1747 Candida
372 1698 467 1750 dividua
486 1700 549 1748 colla
563 1706 666 1766 'tegente
685 1697 774 1749 comi:
933 1709 966 1748 10

216 1767 321 1832 Qualiter
337 1771 362 1821 in
377 1771 495 1821 thalamos
510 1772 616 1821 formosa
632 1771 768 1821 Semiramis
783 1768 824 1821 iffe

244 1844 360 1902 Dicitur,
379 1844 405 1894 &
420 1844 500 1895 multis
517 1843 575 1894 Lais
590 1856 669 1894 amata
686 1845 754 1894 viris.

213 1913 312 1983 Deripui
327 1917 450 1975 tunicam3
468 1934 514 1967 nec
528 1918 630 1968 multum
645 1935 699 1968 rara
715 1918 840 1968 nocebat:

245 1988 370 2057 Pugnabat
385 1988 466 2040 tonici
482 1991 523 2041 sed
538 2004 619 2041 tamen
635 1992 676 2042 illa
692 1994 753 2059 tegi.

214 2061 319 2129 Ctlmque
328 2064 361 2113 ita
370 2076 504 2129 pugnaret,
513 2075 634 2130 tamquam
643 2082 695 2131 quae
703 2065 803 2115 vincere
813 2063 913 2121 nollet,v
930 2077 960 2124 15

244 2136 315 2187 Vitta
329 2134 364 2185 est
381 2152 430 2184 non
447 2153 510 2203 aegre
527 2137 666 2203 proditione
680 2136 730 2187 sui.

213 2208 245 2257 Ut
260 2208 325 2259 stetit
339 2220 398 2258 ante
415 2209 521 2263 oculos,
541 2209 623 2273 posito
639 2210 775 2270 velamine,
795 2208 908 2267 nostros;

167 2295 170 2303 ·
244 2281 273 2331 ln
288 2293 345 2332 toto
362 2295 480 2345 nusquam
496 2295 600 2347 corpore
616 2283 702 2331 menda
717 2283 771 2334 fuit.

212 2354 279 2417 Quos
295 2351 430 2405 humeros!
449 2355 532 2419 quales
546 2354 596 2403 vidi
610 2355 727 2422 tetigique
743 2358 849 2405 lacertos
862 2353 870 2404 i

245 2428 331 2478 Forma
348 2427 490 2493 papillarum
504 2428 575 2493 quarn
590 2426 637 2477 fuit
649 2442 705 2495 apta
721 2427 816 2495 premi!
929 2444 962 2478 20

212 2498 289 2562 Qulm
304 2498 418 2567 castigato
433 2499 518 2565 planus
532 2500 574 2549 sub
589 2500 688 2565 penore
704 2498 812 2551 venter!

246 2571 370 2637 Quantum
387 2571 413 2622 &
428 2573 499 2638 quale
514 2572 576 2623 latus
594 2572 602 2621 i
618 2577 688 2639 quam
702 2573 809 2641 juvenile
827 2571 925 2622 femur!

212 2644 307 2712 Singula
322 2643 380 2711 quid
396 2641 519 2695 referam?
538 2644 571 2696 nil
586 2662 637 2695 non
651 2646 769 2697 laudabile
785 2644 855 2695 vidi:

245 2718 276 2767 Et
292 2717 383 2769 nudam
394 2717 475 2781 pressi
491 2734 578 2785 corpus
592 2717 713 2786 adusque
728 2734 818 2787 meum.

213 2788 300 2856 Cetera
315 2789 369 2856 quis
385 2788 485 2839 nescit?
504 2790 560 2841 lassi
574 2793 737 2859 requievimus
753 2789 837 2841 ambo.
928 2804 961 2855 25

244 2862 392 2918 Proveniant
408 2861 481 2915 medii
495 2862 530 2916 sie
546 2863 604 2916 mihi
620 2864 683 2931 saepe
700 2865 763 2920 dies·
