2392 3892
317 443 562 513 Remota
588 433 806 513 Arionis.
858 465 935 538 277

215 562 351 629 Pasiphais
367 562 451 611 Minos
468 560 491 611 in
508 560 624 610 Procride
641 562 746 626 prodidit
762 563 849 629 ignes:

256 637 341 686 Cessit
356 637 384 684 ab
401 635 464 684 ldaea
481 633 585 700 conjuge
603 634 664 682 visla
679 635 755 698 prior.

217 709 376 776 Amphilochi
392 708 468 757 frater
483 723 514 756 ne
530 706 636 773 Phegida
651 709 744 773 semper
758 721 869 769 amaret,
941 725 992 774 455

257 782 382 832 Callirho'e'
398 780 457 829 fecit
471 792 539 845 parte
556 792 655 846 recepta
672 782 731 831 tori.

217 856 251 907 Et
265 855 337 906 Parin
351 854 447 904 OEnone
463 852 566 903 summos
582 852 696 902 tenuisset
710 853 741 903 ad
755 870 830 905 annos
844 886 853 915 ,

256 930 283 979 Si
302 944 352 978 non
368 926 461 976 OEbalih
476 925 564 992 pellice
580 926 634 975 laesa
650 926 725 978 foret.

218 1001 342 1069 Coniugis
359 998 467 1067 Odrysio
484 996 608 1066 placuifi'et
622 999 699 1049 forma
716 1013 842 1067 tyrann03

166 1103 168 1108 ·
256 1074 308 1124 Sed
324 1074 411 1123 melior
427 1072 512 1121 clausae
528 1073 607 1122 forma
623 1072 710 1122 sorotis
728 1087 789 1124 erat.
941 1074 995 1137 460

166 1163 176 1228 ἰ,
213 1148 290 1212 Quid
307 1161 389 1198 moror
405 1144 540 1211 exemplis,
559 1161 661 1212 quorum
679 1163 718 1195 me
735 1149 804 1197 turba
819 1143 928 1215 fatigat?

258 1218 400 1270 Successore
416 1234 482 1269 novo
498 1219 604 1268 vincitur
618 1219 695 1269 omnis
711 1236 788 1272 amor.

174 1282 181 1299 l
216 1293 319 1345 fortius
335 1309 349 1343 e
367 1292 448 1341 multis
464 1303 542 1340 mater
559 1291 679 1341 desiderat
695 1310 789 1352 unum3

257 1366 339 1430 Quam
356 1366 394 1414 cui
410 1365 471 1413 flens
488 1365 594 1421 clamat,
613 1363 654 1413 Tu
670 1364 727 1412 mihi
744 1365 807 1415 solus
824 1383 888 1418 eras.

215 1439 257 1490 Ac
275 1456 307 1488 ne
324 1437 390 1488 forte
406 1449 477 1502 putes
494 1452 557 1486 nova
573 1453 612 1485 me
628 1436 672 1486 tibi
689 1437 795 1487 condere
811 1437 885 1504 jura;
943 1439 994 1501 465

257 1510 362 1576 (Atque
378 1510 467 1560 utinam
482 1511 575 1559 inventi
592 1510 669 1576 gloria
683 1509 762 1560 nostra
778 1511 844 1561 foret
858 1510 863 1560 !
878 1513 889 1578 )

218 1585 294 1637 Vidit
309 1585 334 1633 id
350 1583 448 1633 Atrides
465 1598 473 1633 t
492 1583 548 1649 quid
566 1584 631 1632 enim
646 1598 695 1632 non
709 1582 751 1632 ille
766 1584 880 1642 videret,

258 1655 334 1721 Cujus
352 1657 376 1706 in
391 1656 489 1705 arbitrio
509 1655 605 1706 Graecia
620 1668 674 1705 tota
693 1654 762 1707 suit?

216 1730 302 1781 Marte
319 1730 362 1778 suo
379 1741 473 1794 captam
490 1728 626 1795 Chryseida
644 1728 721 1779 visior
737 1730 852 1780 amabatt

257 1802 292 1852 At
302 1803 386 1870 ¹senior
400 1800 558 1850 stulte·flebat
574 1802 663 1867 ubique
679 1818 777 1868 parens.
942 1817 995 1867 470

218 1874 287 1940 Quid
303 1876 438 1943 lacrymas,
454 1873 538 1923 odiose
554 1872 649 1923 senex?
669 1873 731 1925 bene
747 1874 862 1926 convenit
876 1874 933 1928 illis.

258 1947 349 1997 Officio
366 1960 445 1997 natam
461 1948 546 2006 laedis,
565 1949 670 2013 inepte,
689 1961 742 2000 tuo.

220 2021 302 2087 Quam
318 2021 370 2087 post
385 2024 453 2086 quim
470 2020 537 2069 reddi
550 2020 672 2078 Calchas,
693 2010 740 2086 opi
757 2034 824 2071 tutus
841 2020 958 2080 Achillis,

166 2097 170 2112 '
257 2093 377 2151 Jusserat,
400 2093 426 2143 ὃ(
440 2091 516 2157 patrii
532 2091 565 2140 est
582 2092 620 2141 illa
638 2106 738 2156 recepta
755 2094 850 2150 domo3

218 2166 280 2226 Est,
298 2168 331 2216 ait
346 2166 462 2223 Atrides,
481 2164 515 2212 illi
531 2165 601 2229 quim
614 2164 723 2229 proxima
737 2164 834 2223 sormlu
941 2182 994 2231 475

257 2239 309 2299 Et,
329 2239 349 2288 si
366 2240 439 2305 prima
455 2238 517 2287 sinat
533 2235 641 2303 syllaba,
661 2253 751 2286 nomen
766 2238 849 2288 idem:

217 2312 292 2363 Hanc
308 2312 384 2371 mihi,
402 2313 422 2362 si
435 2310 528 2377 sapiat,
546 2326 590 2375 per
607 2309 630 2358 se
646 2309 766 2359 concedat
781 2310 908 2369 Achilles:
962 2357 964 2361 .

257 2385 283 2434 Si
299 2385 394 2443 minus;
413 2382 538 2447 imperium
555 2382 641 2432 sentiat
657 2383 698 2432 ille
715 2399 804 2433 meum.

218 2457 298 2522 Quod
314 2458 335 2508 si
351 2459 402 2524 quis
416 2455 519 2506 vestrilm
534 2454 621 2505 factum
638 2456 686 2506 hoc
703 2456 815 2516 incusat,
832 2455 944 2515 Achivi3

257 2530 297 2579 Est
312 2530 400 2597 aliquid
416 2529 494 2580 validi
511 2529 604 2596 sceptra
621 2542 706 2581 tenere
722 2547 804 2601 manu,
943 2528 997 2591 480

216 2606 302 2659 Nam,
321 2605 341 2654 si
356 2603 410 2653 Rex
426 2619 474 2669 ego
490 2602 559 2661 sum,
575 2618 622 2651 nec
638 2620 733 2654 mecum
751 2602 854 2654 dormiet
871 2602 935 2660 illa,

256 2676 285 2724 ln
302 2692 354 2723 mea
369 2676 498 2724 Thersites
514 2690 607 2740 regna,
625 2676 729 2733 licebit,
745 2686 797 2729 eat.

217 2747 310 2804 Dixit,
332 2747 357 2795 δι
373 2747 434 2795 hanc
451 2744 534 2793 hahuit
549 2745 635 2794 solatia
652 2749 736 2813 magns
753 2745 860 2812 prioris:

257 2821 289 2870 Et
305 2819 371 2886 prior
388 2818 421 2868 est
439 2816 497 2866 curi
515 2832 572 2865 cura
587 2817 680 2883 sepulta
696 2817 770 2868 novi.

221 2896 289 2959 Ergo
297 2892 383 2943 assume
392 2888 587 2947 novas‚auu0re
597 2889 925 2957 Agamemuoue‚flamrnas;
944 2892 997 2960 485

257 2966 292 3015 Ut
310 2980 364 3016 tuus
381 2966 405 3016 in
421 2962 486 3014 bivio
504 2960 641 3012 distineatur
656 2981 733 3015 amor.
781 3006 784 3011 ,

222 3039 338 3102 Quaeris,
354 3039 394 3089 ubi
410 3032 539 3088 invenias?
556 3047 640 3095 artes,
659 3037 687 3095 i,
705 3038 806 3107 perlege
823 3036 924 3095 nostras,

220 3108 222 3113 ’
258 3108 333 3163 Plena
349 3115 481 3178 puellarum
497 3106 547 3179 jam
564 3108 608 3159 tibi
625 3097 693 3164 ulvis
709 3122 762 3165 eat.

328 3387 335 3416 l
