2392 3892
277 427 351 517 248
403 424 892 496 0V1011NAsorrrs*

277 547 415 602 Devovet,
434 545 459 595 dt
475 546 577 595 domina
591 547 668 612 tangit
683 559 755 611 caput
771 547 811 594 illa
828 563 835 594 :
852 547 957 611 simulque

314 616 398 667 Plorat
413 619 445 666 ad
462 619 547 668 invisas
565 620 745 684 sauguinolenta
763 635 854 668 comas.

279 690 343 755 Quae
358 693 421 740 male
438 691 522 741 crinita
536 691 587 749 ell,
605 691 725 740 cusioderu
739 691 763 739 iu
777 693 858 741 liurine
874 701 960 758 ponat;

317 763 460 813 Orneturve
476 763 550 814 Borrae
565 764 659 829 semper
675 764 700 812 iu
714 764 767 813 aede
783 764 856 814 Deae.

217 850 269 898 245
279 835 367 887 Diem
383 853 449 887 eram
465 838 558 886 cuidam
574 836 652 886 subitd
665 835 755 885 venisse
771 840 882 901 puellae;

316 908 426 959 Turbida
440 910 572 975 perversas
581 910 660 959 iuduit
676 910 718 958 illa
732 926 822 959 comas.

281 981 398 1033 Hostibus
412 983 510 1033 eveniat
524 996 573 1033 tarn
589 983 648 1032 soedi
666 982 734 1031 causa
750 982 870 1047 pudoris;

318 1054 394 1121 luqrre
410 1072 484 1106 nurus
500 1054 598 1106 Parthas
616 1055 722 1105 dedecus
735 1055 796 1104 illud
810 1068 860 1105 eat.

256 1126 342 1194 Turpe
351 1144 426 1194 pecus
435 1128 544 1178 mutilum
556 1144 564 1178 ε
575 1141 646 1193 turpe
656 1128 691 1178 esi
699 1129 751 1177 siue
761 1129 867 1194 gramine
878 1142 981 1193 campus.

142 1252 150 1264 ‚
221 1217 237 1253 2
242 1216 274 1264 50
320 1200 352 1249 Et
367 1201 419 1249 sine
436 1200 523 1249 fronde
540 1201 640 1258 frutex,
660 1200 685 1250 dt
702 1201 754 1249 sine
771 1202 837 1250 crine
855 1211 935 1266 caput.

282 1273 342 1322 Nou
357 1272 416 1322 mihi
430 1272 546 1331 venistis,
564 1273 661 1323 Semele
678 1273 799 1332 Ledeve,
818 1273 954 1330 docendam

320 1343 415 1411 Perque
431 1345 521 1397 fretum
535 1346 616 1405 salso,
632 1346 735 1403 Sidoni,
753 1346 822 1395 vefia
835 1347 919 1403 bove:

284 1416 336 1469 Aut
346 1417 444 1469 Helene
456 1452 465 1476 ‚
477 1436 548 1486 quam
558 1436 608 1469 non
618 1418 704 1478 stulte,
720 1419 855 1478 Menelai,
870 1416 971 1484 reposcis
978 1430 987 1472 ;

322 1491 364 1541 Tu
381 1508 477 1559 quoque
491 1509 541 1542 nou
556 1492 645 1551 stulte,
664 1491 744 1541 Tro'r'e
760 1505 863 1556 raptor,
881 1493 963 1540 habes.

225 1578 276 1629 255
288 1563 372 1614 Turba
388 1564 499 1615 docenda
511 1567 598 1623 venit,
616 1565 723 1631 pulchrae
740 1577 872 1631 turpesque
888 1566 989 1631 puelle,

324 1634 442 1703 Pluraque
459 1636 512 1687 sunt
527 1638 620 1704 semper
636 1638 757 1687 deteriora
771 1638 852 1687 bonis.
998 1667 999 1670 =

287 1710 408 1760 Formosae
422 1708 498 1761 uinis
514 1710 572 1761 artis
587 1726 660 1776 opem
676 1722 844 1775 praeceptaque
861 1721 963 1759 curant:

325 1782 365 1831 Est
379 1782 425 1832 illis
440 1782 479 1833 sua
496 1784 559 1842 dos,
577 1784 654 1833 sonna
671 1784 723 1832 sine
740 1795 792 1832 arte
809 1795 908 1848 potens.

188 1917 193 1925 ι
290 1851 354 1903 cim
368 1872 433 1904 mare
450 1856 676 1920 composuisset,
696 1856 793 1905 securus
809 1855 890 1906 navita
907 1853 991 1903 cessat:

228 1926 279 1977 260
327 1924 388 1975 Ciurr
404 1939 500 1984 tumet,
518 1928 612 1976 auxiliis
628 1927 718 1977 assidet
733 1928 774 1976 ille
792 1927 848 1979 suis.

289 1996 353 2047 Rara
368 2010 449 2048 tamen
464 1999 553 2049 mendo
569 1999 644 2049 facies
662 2010 731 2049 caret
747 2016 755 2049 ι
775 2002 863 2050 occule
879 1999 993 2050 mendas:

327 2069 455 2138 Quamque
471 2084 563 2138 potes,
581 2072 666 2123 vitium
684 2072 797 2138 corporis
812 2073 874 2123 abde
889 2072 936 2121 tui.

291 2144 317 2193 Si
333 2145 412 2195 brevis
430 2162 476 2205 es,
494 2146 594 2205 sedeas3
614 2162 645 2196 ue
659 2144 720 2197 stans
736 2146 834 2197 videare
851 2145 959 2195 sedere:

327 2217 405 2284 Inque
421 2229 465 2268 tuo
482 2217 562 2285 jaceas
578 2220 794 2285 quantulacumque
810 2231 878 2269 toro.

230 2290 280 2352 265
292 2288 340 2339 Hic
357 2307 473 2357 quoque,
493 2308 524 2341 ne
538 2293 615 2357 possit
630 2290 682 2341 fieri
698 2291 807 2341 mensura
824 2288 957 2348 cubantis,

333 2361 423 2428 injesid
439 2364 530 2413 lateant
548 2364 586 2413 sac
603 2364 646 2412 tibi
660 2364 726 2413 veste
742 2364 826 2428 pedes.

293 2432 356 2498 Quae
374 2433 470 2484 nimiiun
487 2434 602 2501 gracilis,
622 2437 695 2500 pleno
709 2436 827 2485 velamina
843 2435 886 2487 filo

330 2507 413 2555 Sumat
428 2522 435 2556 s
453 2506 478 2556 ἃ
496 2522 527 2555 ex
542 2507 646 2557 humeris
661 2508 728 2556 laxus
745 2507 843 2557 amislus
860 2521 912 2559 eat.

150 2636 153 2639 ,
293 2577 383 2630 Pallida
399 2577 524 2643 purpureis
541 2590 624 2645 tangat
640 2578 680 2629 sua
697 2595 801 2644 corpora
816 2580 912 2647 virgis:

215 2643 218 2653 ¹
233 2666 285 2715 270
330 2650 430 2719 Nigrior
447 2651 477 2701 ad
493 2650 571 2701 Pharii
587 2651 692 2719 coniuge
707 2651 776 2719 piscis
793 2669 878 2719 opem.

295 2723 342 2776 Pes
358 2726 435 2786 malus
453 2725 476 2774 in
493 2727 563 2775 nivea
578 2726 672 2791 semper
688 2727 782 2776 celetur
799 2724 886 2784 alutd;

331 2797 406 2848 Arida
422 2815 468 2847 rrec
486 2799 572 2848 vinclis
587 2816 657 2851 crura
671 2798 771 2849 resolve
784 2799 840 2849 suis.

297 2869 455 2920 Conveniunt
468 2884 559 2922 tenues
576 2872 676 2937 scapulis
693 2871 850 2923 analesirides
864 2867 918 2919 altis
932 2885 944 2920 t

332 2943 442 3000 Inflatum
458 2945 522 2993 circa
537 2945 609 2995 fascia
625 2944 707 3011 petius
724 2957 775 2994 eat.

160 3037 166 3042 ·
236 3026 285 3076 275
298 3014 392 3079 Exiguo
409 3015 487 3081 signet
502 3016 568 3082 gestu
585 3018 752 3083 quodcumque
770 3018 905 3081 loquetur,

335 3086 382 3136 Cui
400 3087 467 3154 digiti
484 3090 607 3158 pingues,
627 3090 653 3141 δι
669 3088 752 3139 scaber
766 3085 853 3157 unguis
868 3098 953 3139 eruut.
