2392 3892
332 445 404 514 192
455 423 666 493 Ovrnrr
691 423 940 493 Aaronom

326 543 366 593 An
381 540 493 607 prosint,
511 541 629 590 dubium:
647 554 783 591 nocuerunt
800 546 905 604 carmina
919 545 1005 596 ccrt'e:

364 614 463 665 Invidiae
480 613 564 664 nostris
580 615 620 662 illa
636 614 704 681 suere
721 614 800 666 bonis.

286 706 316 755 15
330 687 391 739 Cirm
402 686 511 746 Thebae,
526 683 580 735 crim
590 685 667 752 Troja
677 686 773 746 soient,
787 685 839 738 crim
853 688 956 741 Caesaris
966 690 1030 749 asin

365 760 490 827 Ingenium
506 760 582 809 movit
598 760 648 809 sola
661 758 770 809 ¹Corinna
784 777 873 812 meum.

330 832 430 885 Aversis
449 832 537 881 utinam
555 831 681 899 tetigissem
699 834 801 884 earmina
816 833 915 885 Musis!

367 904 472 956 Phoebus
489 905 515 955 dc
531 906 654 970 inceptum
670 905 808 957 rlellituiiiet
824 923 885 973 opus
901 907 908 956 l

329 980 384 1030 Nec
399 990 497 1034 tamen,
516 989 543 1026 ut
559 977 632 1027 testes
647 994 699 1027 mos
714 978 748 1028 est
761 979 845 1028 audire
862 983 967 1046 podtas:

285 1071 319 1108 20
364 1049 498 1101 Malueram
515 1051 594 1100 verbis
610 1050 704 1115 pondus
720 1051 799 1101 abesse
814 1053 883 1102 meis.

328 1123 376 1175 Per
390 1139 434 1172 nos
449 1123 548 1187 Scylla,
564 1122 627 1186 patri
644 1137 717 1171 canos
731 1123 809 1173 furata
823 1126 945 1190 capillos,

364 1193 431 1245 Pube
445 1193 532 1259 premit
550 1193 646 1242 rabidos
662 1192 843 1261 inguinibusque
861 1214 946 1248 canes.

327 1268 379 1319 Nos
391 1266 491 1333 pedibus
507 1282 597 1332 pennas
612 1265 739 1326 dedimus,
753 1284 798 1318 nos
813 1269 917 1319 crinibus
933 1286 1027 1338 angues.

363 1340 449 1393 Vitior
465 1338 612 1389 Abantiades
629 1338 686 1389 alite
702 1340 779 1396 fertur
795 1356 869 1406 equo.

285 1412 395 1481 251dem
411 1430 455 1479 per
474 1412 572 1479 spatium
587 1410 683 1479 Tityon
700 1412 850 1477 porreximus
865 1413 971 1481 ingens:

366 1486 398 1536 Et
413 1486 459 1536 tria
474 1486 575 1552 vipereo
590 1484 690 1534 fecimus
707 1501 749 1534 ora
766 1486 829 1535 cani.

329 1559 439 1610 Fecimus
456 1558 596 1608 Enceladon
611 1556 755 1622 jaculantem
769 1558 833 1607 mille
849 1560 970 1619 lacertis;

364 1630 490 1697 Ambiguae
507 1643 591 1696 captos
607 1630 705 1697 virginis
720 1647 764 1682 ore
779 1630 853 1682 viros.

327 1702 422 1756 AEolios
438 1703 525 1753 lthacis
539 1703 676 1753 inclusimus
691 1704 783 1754 utribus
798 1704 896 1754 Euros:

285 1791 318 1843 30
364 1773 476 1827 Proditor
493 1777 516 1825 in
532 1775 611 1825 medio
625 1775 741 1825 Tantalus
755 1793 825 1826 amne
840 1776 900 1826 sitit.

327 1847 369 1897 De
384 1848 464 1897 Niobe
480 1848 589 1905 silicem,
610 1847 640 1895 cle
657 1847 749 1913 virgine
765 1846 864 1900 fecimus
882 1849 977 1900 ursam:

363 1918 478 1969 Concinit
495 1919 625 1985 Odrysium
644 1917 763 1983 Cecropis
778 1922 829 1970 ales
844 1920 912 1988 Ityn.

326 1990 437 2058 luppiter
447 2003 488 2041 aut
502 1990 527 2039 in
542 2007 618 2048 aves,
636 2002 677 2039 aut
691 1992 714 2041 se
725 1993 880 2043 transformat
894 1995 920 2043 in
931 2009 1027 2043 aurum:

362 2065 414 2114 Aut
429 2063 513 2122 secat,
527 2062 639 2130 impositi
656 2064 765 2131 virgine,
781 2078 864 2116 taurus
880 2083 961 2132 aquas.

283 2152 295 2204 3
302 2154 314 2203 5
326 2135 415 2188 Protea
426 2137 482 2205 quid
493 2134 616 2187 referam?
630 2136 795 2205 Thebanaque
807 2139 910 2197 semina,
926 2134 1027 2189 dentes?

364 2209 414 2273 Qui
429 2222 556 2260 vomerent
570 2209 675 2260 flammas
689 2227 750 2269 ore,
768 2210 834 2261 suisle
850 2212 951 2261 hoves?

245 2323 248 2327 -
326 2284 397 2335 Flere
415 2282 482 2352 genis
497 2283 585 2332 elesira
603 2295 676 2342 tuas,
693 2284 792 2350 auriga,
809 2283 927 2334 sorores?

362 2354 473 2421 Quaeque
489 2367 553 2404 rates
568 2354 676 2413 inerint,
694 2372 756 2405 nunc
772 2355 841 2404 maris
857 2353 904 2403 esse
921 2354 1012 2405 Deas?

325 2427 488 2493 Aversumque
506 2427 568 2477 diem
586 2428 676 2478 mensis
692 2427 811 2477 furialibus
828 2425 921 2476 Atrei?

279 2517 315 2564 40
360 2501 477 2567 Duraque
493 2498 623 2567 percussam
640 2500 694 2549 saxa
709 2495 788 2548 secula
804 2496 904 2565 lyram?

323 2574 379 2623 Exit
396 2573 420 2622 in
435 2570 690 2624 immensumfecunda
705 2571 803 2619 licentia
819 2583 920 2622 vatum:

360 2645 462 2715 Obligat
476 2646 585 2697 historici
603 2660 649 2693 nec
663 2642 703 2692 sua
718 2645 792 2693 verba
808 2642 866 2696 fide.

324 2720 356 2772 Et
373 2737 426 2771 mea
443 2720 558 2771 debuerat
575 2714 636 2766 salsb
653 2716 748 2766 laudata
763 2717 842 2767 videri
963 2718 965 2720 ’

360 2793 457 2846 Femina
472 2810 480 2846 z
497 2789 624 2844 credulitas
641 2806 704 2840 nunc
719 2790 777 2842 mihi
791 2791 867 2845 vesira
883 2801 966 2841 nocet.

764 2878 778 2912 e

560 2974 729 3052 W
766 3067 769 3072 .
