2392 3892
237 449 393 517 Ltaan
417 447 496 516 III.
524 448 710 517 Eanum
734 451 790 522 11.
820 473 891 549 173
982 395 989 409 ⁹

195 568 228 618 Tu
239 582 352 635 quoque,
364 565 405 632 qui
415 564 504 631 spedas
515 564 566 631 post
577 582 622 615 nos
632 597 640 623 ,
652 577 693 615 tua
705 569 820 619 contrahe
831 587 899 623 cruta
911 606 919 632 ,

225 643 248 690 Si
263 639 342 707 pudor
357 638 390 689 est
409 654 417 687 t
436 638 514 705 rigido
530 654 576 688 nec
594 654 676 704 preme
692 651 761 706 terga
775 651 849 707 genu.

194 714 235 763 Sed
249 711 348 763 nimidm
364 710 459 761 demilsa
474 712 557 776 jacent
573 712 617 761 tibi
632 712 704 776 pallia
720 723 811 764 tettae:
903 730 935 781 25

224 786 340 853 Collige,
356 786 398 833 vel
412 783 491 850 digitis
507 801 537 833 en
554 799 602 851 ego
618 785 681 833 tollo
696 785 766 837 meis.

193 858 268 909 invide
284 855 357 908 vestis
372 872 444 914 etas,
463 872 515 922 quae
532 868 581 905 tam
600 858 664 906 bona
679 872 749 908 crura
765 861 864 926 tegebas
879 875 888 912 t

223 931 330 998 Quoque
344 929 420 997 magis
435 928 546 995 spectes,
563 929 645 980 invida
660 928 733 980 veflis
749 948 812 983 etas.

142 1045 145 1055 .
190 1003 254 1069 Talia
268 1001 397 1055 Melanion
413 1000 540 1052 Atalantes
554 1018 625 1053 crura
640 1003 734 1071 fugacis

224 1074 328 1141 Optavit
344 1074 451 1124 manibus
467 1074 593 1126 sustinuilse
609 1075 666 1127 suis.
903 1092 939 1145 30

189 1149 254 1198 Talia
271 1146 396 1199 succinuae
412 1147 542 1215 pinguntur
556 1166 625 1199 crura
640 1148 747 1208 Dianae,

223 1219 285 1271 Cdm
300 1219 406 1287 sequitur
422 1220 517 1278 fortes,
535 1221 622 1273 fortior
637 1222 704 1287 ipsa,
722 1224 796 1275 feras.

190 1292 231 1344 His
248 1309 361 1362 ego-non
375 1292 432 1343 visis
446 1293 494 1342 arsi
510 1309 517 1343 a
535 1295 591 1359 quid
605 1294 648 1343 liet
663 1297 693 1343 ab
709 1294 783 1346 iuis?
809 1325 811 1330 ,

223 1368 250 1415 ln
260 1366 384 1417 ’flammam
400 1365 526 1420 flammas,
545 1367 570 1413 in
585 1382 650 1415 mate
667 1366 746 1417 fundis
763 1383 845 1433 aquas.

190 1439 298 1505 Suspicor
314 1438 408 1490 existis
425 1439 451 1489 δι
466 1450 548 1488 cetera
561 1438 627 1503 polle
642 1440 756 1504 placere,
903 1455 915 1507 3
924 1458 934 1503 5

223 1512 287 1575 Quae
302 1512 366 1563 bene
381 1511 423 1560 sub
438 1510 506 1560 tenui
523 1511 621 1560 condita
634 1511 699 1561 veste
713 1512 800 1563 latent.

189 1584 233 1635 Vis
247 1596 329 1636 tamen
345 1584 437 1634 interea
451 1584 533 1634 faciles
549 1583 665 1634 arcessere
681 1596 790 1643 ventos,

223 1658 293 1721 Quos
309 1656 385 1707 faciat
400 1656 478 1707 nostri
495 1668 560 1706 mota
576 1658 664 1708 tabella
681 1657 775 1707 manu?

190 1727 227 1779 Au
241 1729 316 1799 magis
332 1730 372 1779 hic
388 1746 454 1779 meus
472 1730 505 1778 est
519 1730 609 1788 animi,
628 1748 677 1780 non
692 1731 772 1789 a'c'ris,
790 1728 881 1782 aestus?

224 1802 350 1869 Captaque
368 1802 484 1852 femineus
499 1802 597 1868 pellora
613 1815 692 1853 torret
708 1803 800 1853 amor?
900 1820 936 1867 40

190 1872 250 1926 Dum
261 1878 368 1943 loquor,
386 1876 437 1924 alba
448 1875 496 1924 levi
508 1876 582 1942 sparsa
593 1875 678 1926 esttibi
690 1878 790 1941 pulvere
801 1875 881 1927 vestis.

223 1947 344 2008 Sordide,
363 1948 393 1997 de
410 1948 482 1998 niveo
500 1965 622 2014 corpote,
641 1951 737 2016 pulvis,
755 1950 803 2000 abi.

190 2018 233 2069 Sed
248 2020 296 2085 jam
310 2037 397 2087 pompa
412 2021 479 2070 venit
494 2039 501 2071 t
517 2023 603 2089 linguis
619 2023 750 2089 animisque
767 2023 858 2074 favete.

222 2093 328 2159 Tempus
343 2092 406 2142 adest
421 2093 517 2160 plausus
533 2109 540 2143 τ
557 2111 631 2143 autea
648 2110 736 2159 pompa
751 2095 828 2143 venit.

190 2163 262 2215 Prima
278 2168 335 2216 loco
351 2166 429 2216 fertur
443 2166 518 2231 passis
533 2166 641 2218 Vinaria
657 2166 742 2230 pennis
756 2181 763 2215 a
901 2182 933 2227 45

224 2239 277 2289 Huc
292 2238 369 2298 ades;
389 2238 415 2290 dc
431 2254 498 2287 meus
513 2237 551 2287 hic
568 2238 624 2295 fac,
641 2238 717 2293 Dea,
732 2238 813 2287 vincat
829 2254 905 2289 amor.

190 2309 294 2362 Plaudite
312 2312 446 2377 Neptuno,
466 2308 562 2360 nimidm
576 2318 617 2377 qui
634 2310 732 2361 creditis
748 2311 836 2362 undis:

222 2386 263 2435 Nii
279 2384 337 2434 mihi
351 2401 404 2435 cum
421 2385 509 2451 pelago
526 2399 534 2434 a
550 2401 588 2434 me
604 2401 659 2434 mea
674 2397 738 2433 terra
754 2385 829 2449 capit.

189 2455 273 2507 uanae
289 2469 351 2515 tuo,
369 2458 453 2515 miles,
473 2457 549 2507 Marti
564 2472 572 2509 t
589 2474 634 2508 nos
653 2456 745 2507 odimus
763 2474 836 2508 arma.

222 2529 270 2579 Pax
286 2528 371 2593 juvat,
389 2530 415 2580 δι
429 2530 506 2580 media
521 2547 581 2596 pace
596 2542 708 2597 repertus
723 2529 809 2580 Amor.
904 2545 938 2592 50

188 2601 322 2670 Auguribus
339 2602 463 2661 Phoebus,
477 2602 568 2654 Phoebe
583 2603 725 2654 venantibus
741 2604 823 2653 adsit:

220 2674 335 2726 Artifices
350 2675 374 2722 in
391 2687 417 2723 te
432 2688 520 2734 verte,
538 2676 671 2734 Minerva,
689 2692 782 2725 manus.

187 2749 307 2799 Ruticolae
323 2745 427 2802 Cereri,
446 2758 581 2814 teneroque
597 2747 708 2814 affurgite
724 2746 842 2796 Bacchos

222 2821 348 2871 Pollucem
365 2816 477 2884 pugiles,
496 2818 592 2869 Castora
609 2822 690 2884 placet
705 2834 789 2884 eques.

187 2897 237 2945 Nos
248 2893 310 2952 tibi,
323 2891 409 2942 blanda
422 2890 526 2948 Venus,
538 2891 667 2958 puerisque
678 2893 817 2956 potentibus
828 2910 884 2945 arcu
904 2911 916 2959 5
923 2912 935 2959 5

223 2965 359 3016 Plaudimus
374 2978 383 3018 t
400 2964 505 3029 inceptis
522 2981 621 3023 annue,
639 2965 724 3023 Diva,
742 2966 811 3016 meis.

187 3041 275 3101 Daque
290 3055 359 3089 novae
374 3049 479 3087 mentem
496 3038 617 3096 dominae,
639 3038 742 3104 patiatur
758 3038 840 3094 amari.

224 3110 335 3172 Annuit5
352 3112 378 3165 δι
392 3123 459 3165 motu
476 3111 542 3182 signa
559 3112 663 3164 secunda
681 3112 757 3164 dedit.

781 3206 805 3257 u
820 3205 847 3272 uu
