<?xml version="1.0" encoding="UTF-8"?>
<!DOCTYPE html PUBLIC "-//W3C//DTD XHTML 1.0 Transitional//EN"
    "http://www.w3.org/TR/xhtml1/DTD/xhtml1-transitional.dtd">
<html xmlns="http://www.w3.org/1999/xhtml" xml:lang="en" lang="en">
 <head>
  <title>
</title>
<meta http-equiv="Content-Type" content="text/html;charset=utf-8" />
  <meta name='ocr-system' content='tesseract 3.04.00' />
  <meta name='ocr-capabilities' content='ocr_page ocr_carea ocr_par ocr_line ocrx_word'/>
</head>
<body>
  <div class='ocr_page' id='page_1' title='image "./povidiinasoniso00heingoog_0140.png"; bbox 0 0 2392 3892; ppageno 0'>
   <div class='ocr_carea' id='block_1_1' title="bbox 207 434 882 772">
    <p class='ocr_par' dir='ltr' id='par_1_1' title="bbox 207 434 882 772">
     <span class='ocr_line' id='line_1_1' title="bbox 245 434 882 535; baseline 0.009 -32"><span class='ocrx_word' id='word_1_1' title='bbox 245 436 407 504; x_wconf 77' lang='lat' dir='ltr'><em>er</em></span> <span class='ocrx_word' id='word_1_2' title='bbox 437 434 464 503; x_wconf 88' lang='grc' dir='ltr'>Ι.</span> <span class='ocrx_word' id='word_1_3' title='bbox 490 437 684 504; x_wconf 66' lang='lat' dir='ltr'>Etncru</span> <span class='ocrx_word' id='word_1_4' title='bbox 711 436 781 507; x_wconf 89' lang='lat' dir='ltr'>IV.</span> <span class='ocrx_word' id='word_1_5' title='bbox 802 457 882 535; x_wconf 79' lang='lat'><em>-123</em></span> 
     </span>
     <span class='ocr_line' id='line_1_2' title="bbox 207 568 851 640; baseline 0.016 -7"><span class='ocrx_word' id='word_1_6' title='bbox 207 568 851 640; x_wconf 48' lang='grc' dir='ltr'>«εξ-ΞῆᾞβΞ--Ξ-θ</span> 
     </span>
     <span class='ocr_line' id='line_1_3' title="bbox 337 708 720 772; baseline 0.005 -2"><span class='ocrx_word' id='word_1_7' title='bbox 337 708 369 770; x_wconf 86' lang='grc' dir='ltr'>Ἐ</span> <span class='ocrx_word' id='word_1_8' title='bbox 390 709 415 771; x_wconf 90' lang='lat' dir='ltr'>L</span> <span class='ocrx_word' id='word_1_9' title='bbox 436 710 462 771; x_wconf 85' lang='lat' dir='ltr'>E</span> <span class='ocrx_word' id='word_1_10' title='bbox 484 708 601 771; x_wconf 89' lang='lat' dir='ltr'>GIA</span> <span class='ocrx_word' id='word_1_11' title='bbox 642 708 720 772; x_wconf 86' lang='lat' dir='ltr'>lv.</span> 
     </span>
    </p>
   </div>
   <div class='ocr_carea' id='block_1_2' title="bbox 196 801 890 933">
    <p class='ocr_par' dir='ltr' id='par_1_2' title="bbox 196 801 890 933">
     <span class='ocr_line' id='line_1_4' title="bbox 215 801 239 834; baseline 0 0"><span class='ocrx_word' id='word_1_12' title='bbox 215 801 239 834; x_wconf 67' lang='lat' dir='ltr'><strong><em>r</em></strong></span> 
     </span>
     <span class='ocr_line' id='line_1_5' title="bbox 196 802 890 933; baseline 0.007 -17"><span class='ocrx_word' id='word_1_13' title='bbox 196 802 229 916; x_wconf 59' lang='grc' dir='ltr'>ἱῘ.</span> <span class='ocrx_word' id='word_1_14' title='bbox 241 880 251 915; x_wconf 83' lang='lat' dir='ltr'>t</span> <span class='ocrx_word' id='word_1_15' title='bbox 261 879 281 917; x_wconf 76' lang='lat' dir='ltr'>rt</span> <span class='ocrx_word' id='word_1_16' title='bbox 298 877 356 917; x_wconf 90' lang='lat' dir='ltr'>tuus</span> <span class='ocrx_word' id='word_1_17' title='bbox 371 867 406 916; x_wconf 85' lang='lat' dir='ltr'>est</span> <span class='ocrx_word' id='word_1_18' title='bbox 422 868 506 933; x_wconf 82' lang='lat' dir='ltr'><strong>epulas</strong></span> <span class='ocrx_word' id='word_1_19' title='bbox 520 866 645 917; x_wconf 83' lang='lat' dir='ltr'>nobiscum</span> <span class='ocrx_word' id='word_1_20' title='bbox 661 866 769 919; x_wconf 82' lang='lat' dir='ltr'>aditurus</span> <span class='ocrx_word' id='word_1_21' title='bbox 785 869 890 922; x_wconf 77' lang='lat' dir='ltr'>easdem.</span> 
     </span>
    </p>
   </div>
   <div class='ocr_carea' id='block_1_3' title="bbox 196 938 944 3131">
    <p class='ocr_par' dir='ltr' id='par_1_3' title="bbox 207 938 767 1006">
     <span class='ocr_line' id='line_1_6' title="bbox 207 938 767 1006; baseline 0.002 -16"><span class='ocrx_word' id='word_1_22' title='bbox 207 938 301 990; x_wconf 84' lang='lat' dir='ltr'>Ultima</span> <span class='ocrx_word' id='word_1_23' title='bbox 319 956 381 989; x_wconf 89' lang='lat' dir='ltr'>cena</span> <span class='ocrx_word' id='word_1_24' title='bbox 396 951 441 989; x_wconf 89' lang='lat' dir='ltr'>tuo</span> <span class='ocrx_word' id='word_1_25' title='bbox 455 941 504 997; x_wconf 87' lang='lat' dir='ltr'>sit,</span> <span class='ocrx_word' id='word_1_26' title='bbox 523 956 630 1006; x_wconf 86' lang='lat' dir='ltr'>precor,</span> <span class='ocrx_word' id='word_1_27' title='bbox 648 939 687 988; x_wconf 82' lang='lat' dir='ltr'>isia</span> <span class='ocrx_word' id='word_1_28' title='bbox 702 940 767 991; x_wconf 88' lang='lat' dir='ltr'>viro.</span> 
     </span>
    </p>

    <p class='ocr_par' dir='ltr' id='par_1_4' title="bbox 196 1005 909 1297">
     <span class='ocr_line' id='line_1_7' title="bbox 196 1005 777 1080; baseline 0 -17"><span class='ocrx_word' id='word_1_29' title='bbox 196 1028 235 1080; x_wconf 81' lang='lat' dir='ltr'>rgo</span> <span class='ocrx_word' id='word_1_30' title='bbox 251 1030 304 1079; x_wconf 86' lang='lat' dir='ltr'>ego</span> <span class='ocrx_word' id='word_1_31' title='bbox 322 1012 432 1061; x_wconf 67' lang='lat' dir='ltr'>dilectam</span> <span class='ocrx_word' id='word_1_32' title='bbox 447 1005 538 1062; x_wconf 77' lang='lat' dir='ltr'>tannim</span> <span class='ocrx_word' id='word_1_33' title='bbox 554 1012 656 1062; x_wconf 88' lang='lat' dir='ltr'>conviva</span> <span class='ocrx_word' id='word_1_34' title='bbox 672 1015 777 1078; x_wconf 82' lang='lat' dir='ltr'>puellam</span> 
     </span>
     <span class='ocr_line' id='line_1_8' title="bbox 196 1082 803 1153; baseline 0.005 -18"><span class='ocrx_word' id='word_1_35' title='bbox 196 1082 352 1152; x_wconf 69' lang='lat' dir='ltr'>&#39;Aspiciam-2</span> <span class='ocrx_word' id='word_1_36' title='bbox 371 1086 435 1153; x_wconf 85' lang='lat' dir='ltr'>tangi</span> <span class='ocrx_word' id='word_1_37' title='bbox 451 1102 521 1152; x_wconf 83' lang='lat' dir='ltr'>quem</span> <span class='ocrx_word' id='word_1_38' title='bbox 538 1085 628 1153; x_wconf 80' lang='lat' dir='ltr'>juvet,</span> <span class='ocrx_word' id='word_1_39' title='bbox 649 1086 712 1136; x_wconf 85' lang='lat' dir='ltr'>alter</span> <span class='ocrx_word' id='word_1_40' title='bbox 730 1086 803 1138; x_wconf 77' lang='lat' dir='ltr'>erit?</span> 
     </span>
     <span class='ocr_line' id='line_1_9' title="bbox 196 1157 909 1226; baseline 0.001 -17"><span class='ocrx_word' id='word_1_41' title='bbox 196 1158 329 1225; x_wconf 76' lang='lat' dir='ltr'>iteriusque</span> <span class='ocrx_word' id='word_1_42' title='bbox 344 1157 409 1209; x_wconf 83' lang='lat' dir='ltr'>sinus</span> <span class='ocrx_word' id='word_1_43' title='bbox 427 1158 482 1224; x_wconf 69' lang='lat' dir='ltr'>apte</span> <span class='ocrx_word' id='word_1_44' title='bbox 497 1158 602 1225; x_wconf 74' lang='lat' dir='ltr'>snbjesla</span> <span class='ocrx_word' id='word_1_45' title='bbox 619 1159 739 1210; x_wconf 81' lang='lat' dir='ltr'>fovebis?</span> <span class='ocrx_word' id='word_1_46' title='bbox 894 1174 909 1226; x_wconf 86' lang='lat'><em>5</em></span> 
     </span>
     <span class='ocr_line' id='line_1_10' title="bbox 207 1230 772 1297; baseline 0.004 -17"><span class='ocrx_word' id='word_1_47' title='bbox 207 1230 305 1297; x_wconf 81' lang='lat' dir='ltr'>injiciet</span> <span class='ocrx_word' id='word_1_48' title='bbox 319 1233 404 1289; x_wconf 90' lang='lat' dir='ltr'>collo,</span> <span class='ocrx_word' id='word_1_49' title='bbox 422 1230 476 1281; x_wconf 77' lang='lat' dir='ltr'>ct&#39;un</span> <span class='ocrx_word' id='word_1_50' title='bbox 491 1234 578 1291; x_wconf 85' lang='lat' dir='ltr'>volet,</span> <span class='ocrx_word' id='word_1_51' title='bbox 596 1234 638 1281; x_wconf 88' lang='lat' dir='ltr'>ille</span> <span class='ocrx_word' id='word_1_52' title='bbox 655 1230 772 1283; x_wconf 71' lang='lat' dir='ltr'>manunt?</span> 
     </span>
    </p>

    <p class='ocr_par' dir='ltr' id='par_1_5' title="bbox 196 1304 754 1371">
     <span class='ocr_line' id='line_1_11' title="bbox 196 1304 754 1371; baseline 0.002 -18"><span class='ocrx_word' id='word_1_53' title='bbox 196 1304 263 1354; x_wconf 77' lang='lat' dir='ltr'>&#39;csirte</span> <span class='ocrx_word' id='word_1_54' title='bbox 279 1305 379 1363; x_wconf 86' lang='lat' dir='ltr'>mirari,</span> <span class='ocrx_word' id='word_1_55' title='bbox 397 1307 479 1371; x_wconf 88' lang='lat' dir='ltr'>posito</span> <span class='ocrx_word' id='word_1_56' title='bbox 497 1305 562 1370; x_wconf 88' lang='lat' dir='ltr'>quod</span> <span class='ocrx_word' id='word_1_57' title='bbox 580 1305 682 1353; x_wconf 87' lang='lat' dir='ltr'>candida</span> <span class='ocrx_word' id='word_1_58' title='bbox 696 1306 754 1354; x_wconf 82' lang='lat' dir='ltr'>vino</span> 
     </span>
    </p>

    <p class='ocr_par' dir='ltr' id='par_1_6' title="bbox 208 1375 748 1444">
     <span class='ocr_line' id='line_1_12' title="bbox 208 1375 748 1444; baseline 0.004 -19"><span class='ocrx_word' id='word_1_59' title='bbox 208 1375 302 1428; x_wconf 76' lang='lat' dir='ltr'>Atracis</span> <span class='ocrx_word' id='word_1_60' title='bbox 319 1379 445 1444; x_wconf 85' lang='lat' dir='ltr'>ambiguos</span> <span class='ocrx_word' id='word_1_61' title='bbox 463 1378 536 1427; x_wconf 84' lang='lat' dir='ltr'>traxit</span> <span class='ocrx_word' id='word_1_62' title='bbox 552 1378 576 1427; x_wconf 91' lang='lat' dir='ltr'>in</span> <span class='ocrx_word' id='word_1_63' title='bbox 591 1393 655 1425; x_wconf 85' lang='lat' dir='ltr'>arma</span> <span class='ocrx_word' id='word_1_64' title='bbox 671 1377 748 1427; x_wconf 85' lang='lat' dir='ltr'>viros.</span> 
     </span>
    </p>

    <p class='ocr_par' dir='ltr' id='par_1_7' title="bbox 196 1450 944 1735">
     <span class='ocr_line' id='line_1_13' title="bbox 198 1450 944 1516; baseline 0.004 -19"><span class='ocrx_word' id='word_1_65' title='bbox 198 1464 223 1497; x_wconf 90' lang='lat' dir='ltr'>ec</span> <span class='ocrx_word' id='word_1_66' title='bbox 233 1450 291 1500; x_wconf 88' lang='lat' dir='ltr'>mihi</span> <span class='ocrx_word' id='word_1_67' title='bbox 302 1450 363 1500; x_wconf 84' lang='lat' dir='ltr'>silva</span> <span class='ocrx_word' id='word_1_68' title='bbox 375 1450 459 1501; x_wconf 89' lang='lat' dir='ltr'>domus</span> <span class='ocrx_word' id='word_1_69' title='bbox 470 1484 477 1508; x_wconf 91' lang='lat'>,</span> <span class='ocrx_word' id='word_1_70' title='bbox 492 1467 538 1515; x_wconf 84' lang='lat' dir='ltr'>nec¹</span> <span class='ocrx_word' id='word_1_71' title='bbox 549 1467 614 1516; x_wconf 90' lang='lat' dir='ltr'>equo</span> <span class='ocrx_word' id='word_1_72' title='bbox 625 1466 680 1499; x_wconf 87' lang='lat' dir='ltr'>mea</span> <span class='ocrx_word' id='word_1_73' title='bbox 690 1450 796 1499; x_wconf 86' lang='lat' dir='ltr'>membra</span> <span class='ocrx_word' id='word_1_74' title='bbox 805 1450 944 1505; x_wconf 69' lang='lat' dir='ltr'>coherent:</span> 
     </span>
     <span class='ocr_line' id='line_1_14' title="bbox 208 1522 928 1591; baseline 0.004 -19"><span class='ocrx_word' id='word_1_75' title='bbox 208 1522 256 1573; x_wconf 78' lang='lat' dir='ltr'>vix</span> <span class='ocrx_word' id='word_1_76' title='bbox 271 1540 285 1572; x_wconf 88' lang='lat' dir='ltr'>a</span> <span class='ocrx_word' id='word_1_77' title='bbox 298 1535 325 1573; x_wconf 88' lang='lat' dir='ltr'>te</span> <span class='ocrx_word' id='word_1_78' title='bbox 340 1523 428 1574; x_wconf 83' lang='lat' dir='ltr'>videor</span> <span class='ocrx_word' id='word_1_79' title='bbox 443 1523 509 1591; x_wconf 80' lang='lat' dir='ltr'>polle</span> <span class='ocrx_word' id='word_1_80' title='bbox 523 1537 610 1575; x_wconf 86' lang='lat' dir='ltr'>tenere</span> <span class='ocrx_word' id='word_1_81' title='bbox 625 1540 719 1573; x_wconf 87' lang='lat' dir='ltr'>manus.</span> <span class='ocrx_word' id='word_1_82' title='bbox 897 1541 928 1575; x_wconf 88' lang='lat'>10</span> 
     </span>
     <span class='ocr_line' id='line_1_15' title="bbox 196 1595 874 1665; baseline 0.006 -22"><span class='ocrx_word' id='word_1_83' title='bbox 196 1605 233 1645; x_wconf 81' lang='lat' dir='ltr'>uae</span> <span class='ocrx_word' id='word_1_84' title='bbox 244 1596 287 1646; x_wconf 88' lang='lat' dir='ltr'>tibi</span> <span class='ocrx_word' id='word_1_85' title='bbox 297 1596 345 1647; x_wconf 83' lang='lat' dir='ltr'>sint</span> <span class='ocrx_word' id='word_1_86' title='bbox 355 1597 465 1647; x_wconf 83' lang='lat' dir='ltr'>facienda</span> <span class='ocrx_word' id='word_1_87' title='bbox 475 1611 555 1647; x_wconf 88' lang='lat' dir='ltr'>tamen</span> <span class='ocrx_word' id='word_1_88' title='bbox 566 1629 574 1655; x_wconf 92' lang='lat'>,</span> <span class='ocrx_word' id='word_1_89' title='bbox 593 1596 715 1665; x_wconf 81' lang='lat' dir='ltr'>cognosce</span> <span class='ocrx_word' id='word_1_90' title='bbox 727 1610 735 1646; x_wconf 79' lang='lat' dir='ltr'>r</span> <span class='ocrx_word' id='word_1_91' title='bbox 747 1611 793 1645; x_wconf 89' lang='lat' dir='ltr'>nec</span> <span class='ocrx_word' id='word_1_92' title='bbox 804 1595 874 1647; x_wconf 80' lang='lat' dir='ltr'>Euris</span> 
     </span>
     <span class='ocr_line' id='line_1_16' title="bbox 206 1667 807 1735; baseline 0.003 -18"><span class='ocrx_word' id='word_1_93' title='bbox 206 1667 246 1717; x_wconf 88' lang='lat' dir='ltr'>Da</span> <span class='ocrx_word' id='word_1_94' title='bbox 262 1686 335 1727; x_wconf 88' lang='lat' dir='ltr'>mea,</span> <span class='ocrx_word' id='word_1_95' title='bbox 353 1686 399 1719; x_wconf 89' lang='lat' dir='ltr'>nec</span> <span class='ocrx_word' id='word_1_96' title='bbox 416 1671 503 1735; x_wconf 87' lang='lat' dir='ltr'>tepidis</span> <span class='ocrx_word' id='word_1_97' title='bbox 517 1671 592 1720; x_wconf 86' lang='lat' dir='ltr'>verba</span> <span class='ocrx_word' id='word_1_98' title='bbox 608 1670 710 1719; x_wconf 87' lang='lat' dir='ltr'>serenda</span> <span class='ocrx_word' id='word_1_99' title='bbox 725 1669 807 1719; x_wconf 87' lang='lat' dir='ltr'>Notis.</span> 
     </span>
    </p>

    <p class='ocr_par' dir='ltr' id='par_1_8' title="bbox 197 1742 907 1883">
     <span class='ocr_line' id='line_1_17' title="bbox 197 1742 907 1809; baseline 0.006 -22"><span class='ocrx_word' id='word_1_100' title='bbox 197 1754 235 1791; x_wconf 88' lang='lat' dir='ltr'>nte</span> <span class='ocrx_word' id='word_1_101' title='bbox 250 1742 326 1801; x_wconf 86' lang='lat' dir='ltr'>veni,</span> <span class='ocrx_word' id='word_1_102' title='bbox 346 1746 414 1809; x_wconf 67' lang='grc' dir='ltr'>ᾳιιὲω</span> <span class='ocrx_word' id='word_1_103' title='bbox 430 1745 488 1795; x_wconf 87' lang='lat' dir='ltr'>vir:</span> <span class='ocrx_word' id='word_1_104' title='bbox 505 1760 551 1795; x_wconf 90' lang='lat' dir='ltr'>nec</span> <span class='ocrx_word' id='word_1_105' title='bbox 562 1763 578 1803; x_wconf 85' lang='lat'>,·</span> <span class='ocrx_word' id='word_1_106' title='bbox 589 1742 666 1809; x_wconf 89' lang='lat' dir='ltr'>quid,</span> <span class='ocrx_word' id='word_1_107' title='bbox 684 1743 705 1793; x_wconf 83' lang='lat' dir='ltr'>si</span> <span class='ocrx_word' id='word_1_108' title='bbox 717 1743 815 1793; x_wconf 80' lang='lat' dir='ltr'>veneris</span> <span class='ocrx_word' id='word_1_109' title='bbox 830 1753 907 1801; x_wconf 80' lang='lat' dir='ltr'>ante,</span> 
     </span>
     <span class='ocr_line' id='line_1_18' title="bbox 206 1812 785 1883; baseline 0.002 -19"><span class='ocrx_word' id='word_1_110' title='bbox 206 1812 286 1865; x_wconf 83' lang='lat' dir='ltr'>Possit</span> <span class='ocrx_word' id='word_1_111' title='bbox 299 1817 355 1883; x_wconf 80' lang='lat' dir='ltr'>agi,</span> <span class='ocrx_word' id='word_1_112' title='bbox 374 1817 470 1867; x_wconf 86' lang='lat' dir='ltr'>video:</span> <span class='ocrx_word' id='word_1_113' title='bbox 490 1816 530 1867; x_wconf 90' lang='lat' dir='ltr'>sed</span> <span class='ocrx_word' id='word_1_114' title='bbox 546 1829 628 1867; x_wconf 88' lang='lat' dir='ltr'>tamen</span> <span class='ocrx_word' id='word_1_115' title='bbox 644 1828 702 1865; x_wconf 91' lang='lat' dir='ltr'>ante</span> <span class='ocrx_word' id='word_1_116' title='bbox 718 1816 785 1865; x_wconf 86' lang='lat' dir='ltr'>veni.</span> 
     </span>
    </p>

    <p class='ocr_par' dir='ltr' id='par_1_9' title="bbox 196 1884 922 2030">
     <span class='ocr_line' id='line_1_19' title="bbox 196 1884 922 1955; baseline 0.006 -20"><span class='ocrx_word' id='word_1_117' title='bbox 196 1884 233 1935; x_wconf 80' lang='lat' dir='ltr'>tint</span> <span class='ocrx_word' id='word_1_118' title='bbox 243 1901 339 1953; x_wconf 87' lang='lat' dir='ltr'>premet</span> <span class='ocrx_word' id='word_1_119' title='bbox 348 1889 389 1939; x_wconf 91' lang='lat' dir='ltr'>ille</span> <span class='ocrx_word' id='word_1_120' title='bbox 399 1901 497 1948; x_wconf 87' lang='lat' dir='ltr'>torum,</span> <span class='ocrx_word' id='word_1_121' title='bbox 511 1892 581 1940; x_wconf 85' lang='lat' dir='ltr'>vultu</span> <span class='ocrx_word' id='word_1_122' title='bbox 592 1906 675 1941; x_wconf 88' lang='lat' dir='ltr'>comes</span> <span class='ocrx_word' id='word_1_123' title='bbox 686 1889 734 1955; x_wconf 82' lang='lat' dir='ltr'>ipsa</span> <span class='ocrx_word' id='word_1_124' title='bbox 744 1887 852 1939; x_wconf 85' lang='lat' dir='ltr'>modesto</span> <span class='ocrx_word' id='word_1_125' title='bbox 892 1903 922 1953; x_wconf 90' lang='lat'>15</span> 
     </span>
     <span class='ocr_line' id='line_1_20' title="bbox 206 1957 833 2030; baseline 0.003 -20"><span class='ocrx_word' id='word_1_126' title='bbox 206 1961 271 2020; x_wconf 85' lang='lat' dir='ltr'>lbis,</span> <span class='ocrx_word' id='word_1_127' title='bbox 289 1957 317 2011; x_wconf 77' lang='lat' dir='ltr'>tit</span> <span class='ocrx_word' id='word_1_128' title='bbox 331 1964 478 2023; x_wconf 85' lang='lat' dir='ltr'>accumbas;</span> <span class='ocrx_word' id='word_1_129' title='bbox 495 1966 556 2013; x_wconf 88' lang='lat' dir='ltr'>clam</span> <span class='ocrx_word' id='word_1_130' title='bbox 572 1964 630 2013; x_wconf 86' lang='lat' dir='ltr'>rnihi</span> <span class='ocrx_word' id='word_1_131' title='bbox 646 1975 719 2030; x_wconf 80' lang='lat' dir='ltr'>tange</span> <span class='ocrx_word' id='word_1_132' title='bbox 736 1963 833 2029; x_wconf 84' lang='lat' dir='ltr'>pedem.</span> 
     </span>
    </p>

    <p class='ocr_par' dir='ltr' id='par_1_10' title="bbox 196 2032 876 2174">
     <span class='ocr_line' id='line_1_21' title="bbox 196 2032 876 2104; baseline 0.007 -22"><span class='ocrx_word' id='word_1_133' title='bbox 196 2032 214 2083; x_wconf 85' lang='lat' dir='ltr'>le</span> <span class='ocrx_word' id='word_1_134' title='bbox 225 2034 321 2099; x_wconf 68' lang='lat' dir='ltr'>spefta,</span> <span class='ocrx_word' id='word_1_135' title='bbox 338 2047 458 2102; x_wconf 87' lang='lat' dir='ltr'>nutusque</span> <span class='ocrx_word' id='word_1_136' title='bbox 468 2053 535 2087; x_wconf 85' lang='lat' dir='ltr'>meos</span> <span class='ocrx_word' id='word_1_137' title='bbox 548 2071 556 2096; x_wconf 89' lang='lat'>,</span> <span class='ocrx_word' id='word_1_138' title='bbox 573 2039 715 2102; x_wconf 87' lang='lat' dir='ltr'>vultumque</span> <span class='ocrx_word' id='word_1_139' title='bbox 729 2037 876 2104; x_wconf 66' lang='lat' dir='ltr'>loquacem:</span> 
     </span>
     <span class='ocr_line' id='line_1_22' title="bbox 207 2107 742 2174; baseline 0.004 -17"><span class='ocrx_word' id='word_1_140' title='bbox 207 2107 298 2173; x_wconf 80' lang='lat' dir='ltr'>Excipe</span> <span class='ocrx_word' id='word_1_141' title='bbox 315 2107 435 2166; x_wconf 81' lang='lat' dir='ltr'>furtivas,</span> <span class='ocrx_word' id='word_1_142' title='bbox 455 2110 481 2159; x_wconf 90' lang='lat'>&amp;</span> <span class='ocrx_word' id='word_1_143' title='bbox 494 2111 560 2159; x_wconf 84' lang='lat' dir='ltr'>refer</span> <span class='ocrx_word' id='word_1_144' title='bbox 576 2109 645 2174; x_wconf 89' lang='lat' dir='ltr'>ipsa,</span> <span class='ocrx_word' id='word_1_145' title='bbox 662 2120 742 2159; x_wconf 83' lang='lat' dir='ltr'>notas.</span> 
     </span>
    </p>

    <p class='ocr_par' dir='ltr' id='par_1_11' title="bbox 197 2178 805 2247">
     <span class='ocr_line' id='line_1_23' title="bbox 197 2178 805 2247; baseline 0.008 -18"><span class='ocrx_word' id='word_1_146' title='bbox 197 2182 252 2230; x_wconf 86' lang='lat' dir='ltr'>erba</span> <span class='ocrx_word' id='word_1_147' title='bbox 268 2178 402 2247; x_wconf 85' lang='lat' dir='ltr'><strong>superciliis</strong></span> <span class='ocrx_word' id='word_1_148' title='bbox 419 2181 472 2230; x_wconf 87' lang='lat' dir='ltr'>sine</span> <span class='ocrx_word' id='word_1_149' title='bbox 487 2198 550 2231; x_wconf 81' lang='lat' dir='ltr'>uoce</span> <span class='ocrx_word' id='word_1_150' title='bbox 567 2182 691 2247; x_wconf 80' lang='lat' dir='ltr'>loquentia</span> <span class='ocrx_word' id='word_1_151' title='bbox 707 2183 805 2234; x_wconf 83' lang='lat' dir='ltr'>dicam:</span> 
     </span>
    </p>

    <p class='ocr_par' dir='ltr' id='par_1_12' title="bbox 196 2252 923 2468">
     <span class='ocr_line' id='line_1_24' title="bbox 204 2252 923 2321; baseline 0.001 -16"><span class='ocrx_word' id='word_1_152' title='bbox 204 2254 288 2305; x_wconf 86' lang='lat' dir='ltr'>Verba</span> <span class='ocrx_word' id='word_1_153' title='bbox 305 2256 374 2320; x_wconf 84' lang='lat' dir='ltr'>leges</span> <span class='ocrx_word' id='word_1_154' title='bbox 391 2252 490 2321; x_wconf 85' lang='lat' dir='ltr'>digitis,</span> <span class='ocrx_word' id='word_1_155' title='bbox 505 2254 580 2303; x_wconf 85' lang='lat' dir='ltr'>verba</span> <span class='ocrx_word' id='word_1_156' title='bbox 595 2264 679 2303; x_wconf 88' lang='lat' dir='ltr'>notata</span> <span class='ocrx_word' id='word_1_157' title='bbox 695 2270 774 2310; x_wconf 83' lang='lat' dir='ltr'>mero.</span> <span class='ocrx_word' id='word_1_158' title='bbox 887 2268 923 2306; x_wconf 85' lang='lat'>20</span> 
     </span>
     <span class='ocr_line' id='line_1_25' title="bbox 196 2324 786 2387; baseline 0.003 -11"><span class='ocrx_word' id='word_1_159' title='bbox 196 2325 234 2377; x_wconf 83' lang='lat' dir='ltr'>dm</span> <span class='ocrx_word' id='word_1_160' title='bbox 249 2327 294 2378; x_wconf 85' lang='lat' dir='ltr'>tibi</span> <span class='ocrx_word' id='word_1_161' title='bbox 311 2327 437 2378; x_wconf 84' lang='lat' dir='ltr'>succurret</span> <span class='ocrx_word' id='word_1_162' title='bbox 452 2326 558 2380; x_wconf 87' lang='lat' dir='ltr'>Veneris</span> <span class='ocrx_word' id='word_1_163' title='bbox 573 2324 669 2375; x_wconf 77' lang='lat' dir='ltr'>lascivia</span> <span class='ocrx_word' id='word_1_164' title='bbox 684 2326 786 2387; x_wconf 79' lang='lat' dir='ltr'>nostrae,</span> 
     </span>
     <span class='ocr_line' id='line_1_26' title="bbox 205 2400 742 2468; baseline 0 -18"><span class='ocrx_word' id='word_1_165' title='bbox 205 2400 340 2468; x_wconf 84' lang='lat' dir='ltr'>Purpureas</span> <span class='ocrx_word' id='word_1_166' title='bbox 356 2412 445 2451; x_wconf 87' lang='lat' dir='ltr'>tenero</span> <span class='ocrx_word' id='word_1_167' title='bbox 461 2400 551 2465; x_wconf 85' lang='lat' dir='ltr'>pollice</span> <span class='ocrx_word' id='word_1_168' title='bbox 569 2411 643 2467; x_wconf 83' lang='lat' dir='ltr'>tange</span> <span class='ocrx_word' id='word_1_169' title='bbox 659 2415 742 2466; x_wconf 82' lang='lat' dir='ltr'>genas.</span> 
     </span>
    </p>

    <p class='ocr_par' dir='ltr' id='par_1_13' title="bbox 206 2472 868 2605">
     <span class='ocr_line' id='line_1_27' title="bbox 211 2472 868 2541; baseline -0.002 -17"><span class='ocrx_word' id='word_1_170' title='bbox 211 2475 267 2541; x_wconf 87' lang='lat' dir='ltr'>quid</span> <span class='ocrx_word' id='word_1_171' title='bbox 285 2475 350 2533; x_wconf 88' lang='lat' dir='ltr'>erit,</span> <span class='ocrx_word' id='word_1_172' title='bbox 366 2474 397 2524; x_wconf 92' lang='lat' dir='ltr'>de</span> <span class='ocrx_word' id='word_1_173' title='bbox 413 2491 453 2525; x_wconf 82' lang='lat' dir='ltr'>nte</span> <span class='ocrx_word' id='word_1_174' title='bbox 469 2472 545 2524; x_wconf 75' lang='lat' dir='ltr'>taciti</span> <span class='ocrx_word' id='word_1_175' title='bbox 561 2473 627 2540; x_wconf 91' lang='lat' dir='ltr'>quod</span> <span class='ocrx_word' id='word_1_176' title='bbox 643 2485 725 2523; x_wconf 86' lang='lat' dir='ltr'>mente</span> <span class='ocrx_word' id='word_1_177' title='bbox 742 2472 868 2540; x_wconf 87' lang='lat' dir='ltr'>queraris;</span> 
     </span>
     <span class='ocr_line' id='line_1_28' title="bbox 206 2546 761 2605; baseline 0 -8"><span class='ocrx_word' id='word_1_178' title='bbox 206 2546 315 2605; x_wconf 80' lang='lat' dir='ltr'>Pendeat</span> <span class='ocrx_word' id='word_1_179' title='bbox 330 2548 439 2599; x_wconf 70' lang='lat' dir='ltr'>extremi</span> <span class='ocrx_word' id='word_1_180' title='bbox 454 2548 533 2599; x_wconf 87' lang='lat' dir='ltr'>mollis</span> <span class='ocrx_word' id='word_1_181' title='bbox 549 2548 579 2597; x_wconf 88' lang='lat' dir='ltr'>ab</span> <span class='ocrx_word' id='word_1_182' title='bbox 596 2564 655 2597; x_wconf 80' lang='lat' dir='ltr'>eure</span> <span class='ocrx_word' id='word_1_183' title='bbox 670 2562 761 2597; x_wconf 85' lang='lat' dir='ltr'>manus.</span> 
     </span>
    </p>

    <p class='ocr_par' dir='ltr' id='par_1_14' title="bbox 196 2619 922 2762">
     <span class='ocr_line' id='line_1_29' title="bbox 196 2619 922 2688; baseline -0.007 -17"><span class='ocrx_word' id='word_1_184' title='bbox 196 2619 231 2671; x_wconf 84' lang='lat' dir='ltr'>iun</span> <span class='ocrx_word' id='word_1_185' title='bbox 240 2622 300 2679; x_wconf 92' lang='lat' dir='ltr'>tibi,</span> <span class='ocrx_word' id='word_1_186' title='bbox 310 2639 363 2688; x_wconf 81' lang='lat' dir='ltr'>quae</span> <span class='ocrx_word' id='word_1_187' title='bbox 371 2622 465 2681; x_wconf 83' lang='lat' dir='ltr'>faciam,</span> <span class='ocrx_word' id='word_1_188' title='bbox 471 2638 525 2673; x_wconf 87' lang='lat' dir='ltr'>mea</span> <span class='ocrx_word' id='word_1_189' title='bbox 533 2623 585 2679; x_wconf 82' lang='lat' dir='ltr'>lux,</span> <span class='ocrx_word' id='word_1_190' title='bbox 593 2620 869 2688; x_wconf 74' lang='lat' dir='ltr'>dicamne,placcbunt;</span> <span class='ocrx_word' id='word_1_191' title='bbox 890 2632 922 2679; x_wconf 89' lang='lat'>25</span> 
     </span>
     <span class='ocr_line' id='line_1_30' title="bbox 204 2694 704 2762; baseline -0.006 -15"><span class='ocrx_word' id='word_1_192' title='bbox 204 2694 325 2747; x_wconf 87' lang='lat' dir='ltr'>Versetur</span> <span class='ocrx_word' id='word_1_193' title='bbox 342 2694 421 2761; x_wconf 85' lang='lat' dir='ltr'>digitis</span> <span class='ocrx_word' id='word_1_194' title='bbox 437 2696 537 2746; x_wconf 81' lang='lat' dir='ltr'>annulus</span> <span class='ocrx_word' id='word_1_195' title='bbox 554 2712 631 2762; x_wconf 87' lang='lat' dir='ltr'>usque</span> <span class='ocrx_word' id='word_1_196' title='bbox 648 2696 704 2745; x_wconf 86' lang='lat' dir='ltr'>tuis.</span> 
     </span>
    </p>

    <p class='ocr_par' dir='ltr' id='par_1_15' title="bbox 196 2768 883 2907">
     <span class='ocr_line' id='line_1_31' title="bbox 196 2768 883 2837; baseline -0.006 -21"><span class='ocrx_word' id='word_1_197' title='bbox 196 2784 253 2835; x_wconf 80' lang='lat' dir='ltr'>ange</span> <span class='ocrx_word' id='word_1_198' title='bbox 263 2773 338 2817; x_wconf 86' lang='lat' dir='ltr'>manu</span> <span class='ocrx_word' id='word_1_199' title='bbox 347 2768 450 2817; x_wconf 84' lang='lat' dir='ltr'>mensam</span> <span class='ocrx_word' id='word_1_200' title='bbox 461 2802 468 2827; x_wconf 93' lang='lat'>,</span> <span class='ocrx_word' id='word_1_201' title='bbox 485 2786 533 2836; x_wconf 88' lang='lat' dir='ltr'>quo</span> <span class='ocrx_word' id='word_1_202' title='bbox 543 2780 724 2837; x_wconf 81' lang='lat' dir='ltr'>tanguntrnore</span> <span class='ocrx_word' id='word_1_203' title='bbox 733 2775 864 2834; x_wconf 82' lang='lat' dir='ltr'>precantes</span> <span class='ocrx_word' id='word_1_204' title='bbox 875 2797 883 2821; x_wconf 88' lang='lat'>,</span> 
     </span>
     <span class='ocr_line' id='line_1_32' title="bbox 205 2838 731 2907; baseline -0.002 -16"><span class='ocrx_word' id='word_1_205' title='bbox 205 2842 309 2907; x_wconf 87' lang='lat' dir='ltr'>Optabis</span> <span class='ocrx_word' id='word_1_206' title='bbox 325 2840 413 2890; x_wconf 85' lang='lat' dir='ltr'>merito</span> <span class='ocrx_word' id='word_1_207' title='bbox 430 2838 483 2891; x_wconf 81' lang='lat' dir='ltr'>etim</span> <span class='ocrx_word' id='word_1_208' title='bbox 498 2843 559 2893; x_wconf 84' lang='lat' dir='ltr'>mala</span> <span class='ocrx_word' id='word_1_209' title='bbox 575 2844 650 2891; x_wconf 88' lang='lat' dir='ltr'>multa</span> <span class='ocrx_word' id='word_1_210' title='bbox 667 2842 731 2891; x_wconf 85' lang='lat' dir='ltr'>viro.</span> 
     </span>
    </p>

    <p class='ocr_par' dir='ltr' id='par_1_16' title="bbox 196 2911 859 2982">
     <span class='ocr_line' id='line_1_33' title="bbox 196 2911 859 2982; baseline -0.008 -19"><span class='ocrx_word' id='word_1_211' title='bbox 196 2916 244 2965; x_wconf 88' lang='lat' dir='ltr'>uod</span> <span class='ocrx_word' id='word_1_212' title='bbox 258 2915 302 2965; x_wconf 91' lang='lat' dir='ltr'>tihi</span> <span class='ocrx_word' id='word_1_213' title='bbox 318 2914 458 2972; x_wconf 89' lang='lat' dir='ltr'>miscuerit,</span> <span class='ocrx_word' id='word_1_214' title='bbox 476 2914 568 2982; x_wconf 87' lang='lat' dir='ltr'>sapias,</span> <span class='ocrx_word' id='word_1_215' title='bbox 586 2916 652 2965; x_wconf 86' lang='lat' dir='ltr'>bibat</span> <span class='ocrx_word' id='word_1_216' title='bbox 666 2914 735 2981; x_wconf 88' lang='lat' dir='ltr'>ipse,</span> <span class='ocrx_word' id='word_1_217' title='bbox 753 2911 859 2977; x_wconf 85' lang='lat' dir='ltr'>jubeto:</span> 
     </span>
    </p>

    <p class='ocr_par' dir='ltr' id='par_1_17' title="bbox 198 2984 921 3131">
     <span class='ocr_line' id='line_1_34' title="bbox 205 2984 921 3057; baseline -0.013 -20"><span class='ocrx_word' id='word_1_218' title='bbox 205 2988 245 3038; x_wconf 91' lang='lat' dir='ltr'>Tu</span> <span class='ocrx_word' id='word_1_219' title='bbox 260 3005 362 3054; x_wconf 88' lang='lat' dir='ltr'>puerum</span> <span class='ocrx_word' id='word_1_220' title='bbox 377 2988 464 3039; x_wconf 85' lang='lat' dir='ltr'>leviter</span> <span class='ocrx_word' id='word_1_221' title='bbox 478 2989 569 3055; x_wconf 91' lang='lat' dir='ltr'>posce,</span> <span class='ocrx_word' id='word_1_222' title='bbox 587 2988 653 3057; x_wconf 89' lang='lat' dir='ltr'>quod</span> <span class='ocrx_word' id='word_1_223' title='bbox 668 2987 717 3053; x_wconf 89' lang='lat' dir='ltr'>ipsa</span> <span class='ocrx_word' id='word_1_224' title='bbox 734 2984 806 3034; x_wconf 88' lang='lat' dir='ltr'>velis.</span> <span class='ocrx_word' id='word_1_225' title='bbox 845 3010 847 3012; x_wconf 90' lang='lat'>·</span> <span class='ocrx_word' id='word_1_226' title='bbox 886 2993 921 3044; x_wconf 87' lang='lat'>30</span> 
     </span>
     <span class='ocr_line' id='line_1_35' title="bbox 198 3058 839 3131; baseline -0.008 -22"><span class='ocrx_word' id='word_1_227' title='bbox 198 3079 233 3109; x_wconf 85' lang='lat' dir='ltr'>uae</span> <span class='ocrx_word' id='word_1_228' title='bbox 249 3072 277 3111; x_wconf 87' lang='lat' dir='ltr'>tu</span> <span class='ocrx_word' id='word_1_229' title='bbox 292 3062 444 3122; x_wconf 86' lang='lat' dir='ltr'>reddideris,</span> <span class='ocrx_word' id='word_1_230' title='bbox 461 3080 508 3131; x_wconf 83' lang='lat' dir='ltr'>ego</span> <span class='ocrx_word' id='word_1_231' title='bbox 522 3062 611 3129; x_wconf 88' lang='lat' dir='ltr'>primus</span> <span class='ocrx_word' id='word_1_232' title='bbox 627 3061 715 3125; x_wconf 89' lang='lat' dir='ltr'>pocula</span> <span class='ocrx_word' id='word_1_233' title='bbox 731 3058 839 3105; x_wconf 84' lang='lat' dir='ltr'>sumam:</span> 
     </span>
    </p>
   </div>
   <div class='ocr_carea' id='block_1_4' title="bbox 205 3131 831 3263">
    <p class='ocr_par' dir='ltr' id='par_1_18' title="bbox 205 3131 831 3263">
     <span class='ocr_line' id='line_1_36' title="bbox 205 3131 829 3250; baseline 0.038 -67"><span class='ocrx_word' id='word_1_234' title='bbox 205 3134 238 3186; x_wconf 85' lang='lat' dir='ltr'>Et</span> <span class='ocrx_word' id='word_1_235' title='bbox 254 3134 300 3203; x_wconf 78' lang='lat' dir='ltr'>qui</span> <span class='ocrx_word' id='word_1_236' title='bbox 314 3147 343 3188; x_wconf 92' lang='lat' dir='ltr'>tu</span> <span class='ocrx_word' id='word_1_237' title='bbox 357 3136 466 3197; x_wconf 83' lang='lat' dir='ltr'>biberis,</span> <span class='ocrx_word' id='word_1_238' title='bbox 480 3138 526 3186; x_wconf 84' lang='lat' dir='ltr'>hac</span> <span class='ocrx_word' id='word_1_239' title='bbox 545 3150 593 3202; x_wconf 81' lang='lat' dir='ltr'>ego</span> <span class='ocrx_word' id='word_1_240' title='bbox 612 3144 681 3199; x_wconf 86' lang='lat' dir='ltr'>parte</span> <span class='ocrx_word' id='word_1_241' title='bbox 698 3131 801 3250; x_wconf 41' lang='lat' dir='ltr'>bitum}</span> <span class='ocrx_word' id='word_1_242' title='bbox 815 3195 829 3208; x_wconf 90' lang='lat'>..</span> 
     </span>
     <span class='ocr_line' id='line_1_37' title="bbox 815 3214 831 3263; baseline 0 0"><span class='ocrx_word' id='word_1_243' title='bbox 815 3214 831 3263; x_wconf 77' lang='lat'>¹1</span> 
     </span>
    </p>
   </div>
   <div class='ocr_carea' id='block_1_5' title="bbox 0 0 1200 3892">
    <p class='ocr_par' dir='ltr' id='par_1_19' title="bbox 0 0 1200 3892">
     <span class='ocr_line' id='line_1_38' title="bbox 0 0 1200 3892; baseline 0 0"><span class='ocrx_word' id='word_1_244' title='bbox 0 0 1200 3892; x_wconf 95' lang='lat' dir='ltr'> </span> 
     </span>
    </p>
   </div>
  </div>
 </body>
</html>
