2392 3892
263 465 334 555 198
388 464 597 535 Orion
625 466 878 535 NAsonrs

260 585 310 635 Sed
327 596 409 633 tamen
426 584 452 634 &
467 582 529 635 tauri
546 582 629 634 cervix
644 596 760 633 oneratur
774 597 879 671 aratro,

217 674 252 709 20
297 657 425 722 Frenaque
439 656 580 722 magnanimi
597 657 671 706 dente
687 668 800 707 teruntur
816 659 886 723 equi.

261 730 294 780 Et
308 729 366 777 mihi
381 728 452 779 cedet
466 730 561 787 Amor3
580 730 686 813 quamvis
703 746 756 778 mea
772 733 891 782 vulneret
903 748 959 805 arcu

299 802 419 857 Pectora,
436 800 534 867 jaiiatas
552 803 708 869 excutiatque
724 803 801 853 faces.

224 874 324 940 Quo
339 892 378 925 me
394 873 447 925 fixit
463 875 559 934 Amor,
580 892 630 941 quo
647 893 686 926 me
702 873 834 927 violentiis
852 875 936 936 ussit,

296 948 358 997 Hoc
374 949 461 998 melior
475 948 531 997 fasti
543 949 650 999 vulneris
666 951 734 998 ultor
749 965 803 998 ero.

222 1036 255 1084 25
266 1023 325 1073 Non
336 1038 401 1090 ego,
415 1021 506 1072 Phoebe
518 1054 526 1080 ,
541 1022 607 1073 datas
617 1039 631 1070 a
641 1034 667 1072 te
679 1023 735 1071 mihi
745 1023 848 1073 mentiar
857 1036 942 1075 artes·
934 1060 943 1078 .

301 1096 356 1143 Nec
372 1111 417 1143 nos
431 1094 501 1143 a'e'riae
518 1111 581 1144 voce
597 1112 722 1144 monemur
737 1096 808 1145 avis:

265 1169 320 1217 Nec
335 1168 391 1215 mihi
407 1167 461 1216 sunt
476 1167 532 1217 visae
550 1166 607 1215 Clio
623 1167 739 1232 Cliusque
756 1169 877 1227 sorores,

302 1239 414 1288 Servanti
431 1240 539 1305 pecudes
553 1242 674 1298 vallibus,
690 1241 784 1299 Ascra,
802 1242 862 1291 tuis.

264 1311 328 1361 Usus
345 1329 406 1377 opus
421 1325 504 1362 movet
520 1315 568 1361 hoc
583 1329 591 1362 ι
605 1315 656 1363 vati
672 1325 756 1379 parete
773 1314 866 1379 perito.

223 1397 256 1449 30
303 1387 371 1437 Vera
388 1402 470 1434 canam
487 1403 494 1435 ι
512 1386 617 1452 coeptis,
635 1400 712 1435 mater
729 1386 846 1445 Amoris,
866 1386 934 1439 ades·

267 1457 323 1509 Este
339 1461 425 1524 procul
441 1460 508 1508 vittae
525 1470 630 1518 tenues,
649 1460 742 1526 insigne
758 1460 880 1525 pudoris3

305 1530 416 1598 Quaeqne
433 1533 495 1598 tegis
511 1532 623 1590 medios,
640 1532 717 1581 instita
734 1533 826 1598 longa,
847 1532 932 1598 pedes.

269 1606 323 1654 Nos
333 1606 457 1657 Venerem
468 1617 563 1664 tutam,
579 1605 736 1670 concessaque
748 1605 811 1654 furta
823 1638 830 1663 ,
847 1621 955 1655 canemus
967 1620 974 1655 z

306 1679 382 1743 Inque
400 1695 455 1728 meo
472 1680 563 1728 nullum
581 1680 685 1729 carmine
703 1678 794 1727 crimen
809 1678 867 1729 erit.

226 1760 238 1811 3
246 1762 257 1809 5
269 1749 409 1815 Principio,
429 1753 494 1816 quod
508 1769 587 1801 amare
604 1752 685 1809 veiis,
703 1751 810 1817 reperire
827 1752 928 1808 labora,

307 1822 357 1885 Qui
375 1841 439 1873 nova
456 1842 520 1873 nunc
535 1823 637 1889 primtim
655 1825 723 1873 miles
739 1824 764 1872 in
780 1840 844 1873 arma
861 1826 937 1873 venis.

269 1893 395 1945 Proximus
409 1896 465 1945 huic
476 1898 544 1945 labor
555 1897 588 1946 est
599 1931 607 1955 ,
625 1898 738 1962 placitam
749 1912 852 1946 exorare
867 1898 975 1962 puellami

307 1967 423 2026 Tertius,
443 1980 471 2017 ut
487 1971 562 2035 longo
579 1982 691 2035 tempore
707 1971 778 2019 duret
794 1987 873 2022 amor.

269 2040 319 2091 Hic
335 2040 420 2091 modus
436 2057 444 2093 t
462 2042 515 2091 haec
531 2041 612 2093 nostro
629 2043 762 2111 signabitur
777 2060 835 2093 area
852 2058 944 2094 curruz

225 2125 261 2172 40
306 2113 369 2164 Haec
385 2115 431 2165 erit
448 2115 547 2166 admissi
564 2129 629 2166 meta
645 2117 746 2167 terenda
761 2116 826 2167 rota.

272 2187 340 2238 Dum
355 2188 432 2247 iicet,
453 2188 478 2241 δι
494 2190 553 2241 loris
568 2192 655 2258 passim
673 2202 745 2257 potes
761 2188 798 2240 ire·
815 2188 922 2249 soluti53

309 2261 397 2328 Elige,
416 2261 455 2311 cui
471 2262 556 2322 dicas,
575 2264 615 2313 Tu
632 2264 689 2313 mihi
706 2264 756 2313 sola
771 2264 865 2329 places.

272 2333 333 2384 Haec
347 2333 391 2383 tibi
406 2351 457 2384 non
471 2347 557 2386 tennes
574 2336 658 2386 veniet
673 2334 767 2399 delapsa
784 2350 829 2399 per
843 2350 915 2384 auras
927 2351 935 2387 t

310 2406 448 2469 Quaerenda
465 2408 498 2456 est
513 2409 590 2457 oculis
607 2421 663 2472 apta
678 2408 758 2472 puella
773 2406 832 2456 tuis.

228 2490 260 2538 45
273 2479 324 2527 Scit
341 2481 404 2527 bene
420 2491 541 2536 venator,
561 2481 640 2548 cervis
654 2479 695 2528 nbi
709 2478 771 2528 retia
787 2479 893 2532 tendata

308 2551 360 2599 Scit
377 2551 459 2607 bene,
480 2551 525 2617 qua
542 2551 656 2601 frendens
674 2554 737 2602 valle
752 2565 862 2603 moretur
877 2570 949 2619 aper.

272 2623 413 2690 Aucupibus
429 2625 483 2675 noti
499 2625 597 2675 frutices
616 2641 623 2676 z
642 2625 683 2693 qni
696 2626 793 2676 sustinet
807 2627 914 2687 hamos,

310 2698 387 2748 Novit
402 2716 455 2765 qnae
470 2700 547 2749 multo
563 2700 628 2765 pisce
645 2712 759 2751 natentur
775 2718 854 2766 aquae.

274 2772 315 2821 Tn
329 2789 447 2839 quoque,
464 2773 588 2824 materiam
605 2776 680 2844 longo
697 2775 738 2840 qui
752 2775 837 2842 quaeris
853 2774 951 2835 amori,

233 2859 265 2906 50
312 2846 397 2906 Ante,
416 2846 530 2914 frequens
547 2866 595 2916 quo
612 2848 660 2908 sit,
678 2848 761 2904 disce,
778 2845 858 2910 puella
874 2846 947 2899 locu.

242 2935 245 2944 ¹
275 2920 334 2970 Non
352 2936 399 2987 ego
416 2934 565 2987 quaerentem
583 2935 660 2973 vento
675 2922 732 2972 dare
747 2918 802 2967 vela
818 2917 932 2983 jubebo:

312 2994 368 3042 Nec
383 2993 445 3053 tibi,
462 3007 489 3045 nt
504 2996 632 3054 invenias,
650 2996 722 3059 longa
737 2990 838 3039 terenda
851 2990 890 3039 via
905 2993 952 3045 est.

277 3063 450 3115 Andromedan
464 3068 565 3119 Perseus
581 3067 653 3134 nigris
669 3062 771 3129 portarit
786 3065 816 3113 ab
830 3064 918 3124 indis,
966 3105 972 3119 ,

313 3136 439 3205 Raptaque
454 3140 486 3191 sit
501 3140 608 3209 Phrygio
626 3135 703 3204 Graja
718 3137 799 3205 pucila
815 3137 890 3189 viro:
