2392 3892
281 474 354 523 roo
402 453 444 519 P.
472 452 658 524 OVrDrr
684 453 903 522 Nasonis
999 516 1002 522 .

277 573 328 622 Cur
344 572 434 638 igitur,
453 573 528 621 toties
546 571 611 621 vires
628 584 742 637 expertus
757 576 867 633 amoris,
901 636 903 640 y

218 658 268 706 140
314 644 438 695 Aisuetum
453 644 521 695 nobis
536 645 633 694 turbine
648 645 738 695 claudit
752 645 824 696 iteri

279 717 373 776 Parce,
389 719 479 777 feton
495 718 593 784 latoque
608 718 667 767 mari
682 730 723 768 tur
739 720 826 785 proelia
840 719 929 774 miscet

315 791 415 841 Seducit
431 803 507 842 terres
523 792 576 842 haec
593 790 674 842 brevis
691 791 756 841 unda
774 792 842 842 duas.

277 862 318 916 Te
336 865 410 914 decet
424 877 465 915 aut
481 880 578 932 rnagnas
593 880 704 932 magnum
722 862 811 930 jatiare
827 864 916 915 carinas
925 879 935 922 3

315 936 367 988 Aut
381 937 454 987 etiarn
473 939 532 988 totis
549 938 664 988 classibus
682 936 729 987 effe
747 939 851 988 trucem.
904 995 907 1000 ¹

218 1024 251 1074 14
256 1024 268 1074 5
280 1009 364 1076 Turpe
379 1011 438 1061 Deo
453 1011 533 1077 pelagi
548 1009 664 1076 juvenem
681 1022 775 1061 terrere
790 1022 929 1068 natantem,

317 1082 452 1149 Gloriaque
466 1082 499 1131 est
515 1083 596 1149 stagno
612 1083 722 1149 quolibet
737 1082 778 1133 issa
792 1085 880 1136 minor·
1023 1111 1024 1140 1

279 1156 374 1206 Nobilis
386 1155 427 1204 iile
438 1154 535 1220 quidem
544 1155 578 1205 est
589 1187 597 1214 ‚
617 1156 732 1206 &clarus
743 1157 836 1225 origine
848 1174 856 1209 r
868 1157 961 1207 sednon

316 1226 398 1276 Atibi
413 1225 519 1294 suspecto
535 1228 603 1278 ducit
620 1227 703 1295 Ulyffe
718 1245 805 1297 genus.

279 1300 447 1359 Daueniant,
464 1300 579 1369 servaque
594 1301 655 1352 duos
670 1318 678 1351 ε
694 1315 761 1354 natat
776 1303 818 1352 ilie
831 1320 840 1362 3
857 1302 899 1353 sed
912 1300 977 1353 isdem

222 1389 271 1437 150
318 1372 414 1440 Corpus
429 1373 552 1433 Leandri,
568 1374 622 1440 spes
638 1390 690 1424 rnea
702 1408 709 1433 ,
723 1375 816 1441 pendet
833 1376 909 1442 aquis.

281 1446 389 1497 Sternuit
405 1447 431 1497 δι
447 1449 549 1506 lumen3
566 1447 648 1513 posito
661 1464 716 1496 narn
733 1448 857 1500 scribimus
873 1450 926 1499 illo.

318 1520 446 1577 Sternuit,
464 1521 490 1572 ἃ
506 1520 576 1570 nobis
590 1520 704 1586 prospera
719 1520 787 1586 signa
804 1522 881 1571 dedit.
1023 1516 1025 1519 ’

281 1592 348 1642 Ecce
362 1609 454 1643 merum
471 1593 552 1643 nutrix
569 1593 658 1643 faustos
675 1591 771 1643 instillat
786 1592 811 1643 in
828 1594 917 1661 ignerr

318 1665 427 1732 Ceaeque
444 1666 532 1717 erimus
546 1668 645 1732 plures,
663 1666 757 1733 inquit:
770 1666 795 1717 δι
811 1665 860 1733 ipsa
875 1667 945 1718 bibit.

223 1753 271 1803 ¹55
281 1735 357 1788 Effice
373 1754 418 1789 nos
434 1740 534 1804 plures,
554 1738 633 1789 ecidit
647 1755 691 1804 per
704 1754 803 1805 equora
819 1739 917 1806 lapsus,

317 1810 344 1861 0
362 1809 369 1861 i
387 1813 483 1877 penitus
498 1823 554 1862 toto
571 1813 646 1861 corde
662 1824 762 1878 recepte
775 1811 846 1862 mihi.

282 1882 311 1932 ln
328 1893 370 1933 tua
387 1883 460 1934 castra
474 1885 546 1943 redi,
568 1885 626 1934 socii
643 1884 751 1935 desertor
765 1884 882 1935 Amoris:

318 1953 442 2005 Ponuntur
457 1956 538 2006 rnedio
554 1974 596 2006 cur
613 1973 667 2006 mea
681 1959 788 2007 membra
803 1955 883 2008 toro?

282 2026 358 2093 Quod
373 2027 474 2089 timeas,
493 2045 543 2079 non
561 2029 595 2079 est
611 2046 618 2080 :
637 2030 695 2080 auso
710 2032 797 2083 Venus
811 2031 860 2098 ipsa
875 2029 987 2083 favebitt

224 2104 273 2156 160
319 2101 418 2153 Sternet
435 2102 460 2153 δι
476 2119 620 2169 equoreas,
641 2120 739 2171 equore
756 2116 832 2161 nata,
849 2104 911 2155 vias.

284 2174 322 2226 Ire
341 2175 400 2227 libet
415 2176 518 2227 tumidas
535 2177 581 2246 ipsi
597 2177 655 2227 mihi
670 2178 731 2244 saepe
747 2193 792 2243 per
806 2178 901 2228 undast

319 2248 367 2300 Sed
386 2249 448 2301 solet
466 2251 514 2301 hoc
533 2251 638 2301 maribus
656 2252 734 2301 tutius
753 2249 800 2300 eise
820 2250 920 2301 iterum.

283 2322 346 2372 Nam
363 2338 425 2381 cur,
446 2324 493 2372 hoc
509 2324 584 2373 vedis
599 2322 698 2388 Phryxo
716 2321 854 2387 Phryxique
871 2323 976 2385 sororei

319 2394 376 2443 Sola
392 2394 458 2446 dedit
475 2394 546 2445 vastis
562 2393 651 2443 femina
666 2408 755 2443 nornen
773 2392 867 2457 aquic?

224 2466 272 2532 165
284 2465 396 2515 Forsitan
413 2466 444 2515 ad
460 2467 563 2516 reditum
577 2477 670 2515 metuar
687 2481 718 2514 ne
734 2476 847 2530 tempora
865 2467 966 2532 desint,

319 2537 371 2591 Aut
387 2538 475 2604 gemini
490 2552 596 2603 nequeas
612 2537 677 2587 ferre
694 2537 783 2588 laboris
801 2554 875 2591 onus.

284 2610 320 2663 At
338 2626 382 2661 not
400 2610 489 2660 diversi
504 2610 609 2659 medium
626 2606 738 2662 coear'nus
756 2612 781 2661 in
798 2629 903 2681 equor,

323 2683 452 2752 Obviaque
467 2683 490 2735 in
507 2683 605 2733 summis
619 2683 703 2735 oscula
718 2686 801 2737 demus
817 2688 902 2755 aquis:

286 2759 368 2826 Atque
382 2759 417 2808 ira
431 2759 530 2826 quisque
549 2757 602 2810 suas
617 2758 706 2809 iterum
721 2761 848 2810 redeamus
865 2762 895 2810 ad
909 2760 999 2811 urbest

226 2845 278 2897 170
325 2832 461 2900 Exiguum,
483 2832 524 2883 sed
539 2834 593 2898 plus
610 2835 680 2900 quim
697 2834 774 2893 nihil,
791 2833 849 2883 illud
866 2833 921 2883 erit.

285 2906 336 2959 Vel
350 2906 428 2971 pudor
441 2907 481 2956 hic
495 2908 605 2967 utinam,
622 2908 663 2973 qui
677 2923 722 2957 nor
739 2908 800 2956 clam
814 2906 881 2969 cogit
894 2922 994 2967 amare,

319 2978 373 3046 ¹Vel
393 2978 489 3029 timidus
508 2980 577 3029 ierne
596 2980 686 3030 cedere
704 2980 780 3027 vellet
799 2976 888 3025 amoc!

289 3050 361 3101 Nune
369 3052 430 3100 male
439 3068 477 3101 res
488 3050 575 3117 juntiae
585 3084 592 3108 ‚
602 3051 704 3101 calor&
712 3048 848 3098 reverentia
858 3081 866 3106 ,
875 3063 997 3118 pugnant.

324 3119 393 3197 ¹Quid
402 3122 485 3194 sequar
494 3124 521 3176 iu
530 3124 604 3205 dubio
613 3121 648 3178 est
658 3134 666 3177 t
677 3122 728 3178 baec
739 3121 831 3210 decer,
846 3122 889 3175 ifle
897 3121 977 3193 juvat·
