2392 3892
279 427 563 495 Hunorum.
585 426 664 490 ΕΡ.
686 427 785 495 XVI.
836 445 885 519 75

177 536 303 596 Portubus
313 544 424 609 egredior
434 559 442 599 ;
452 543 579 605 ventisque
590 541 723 590 ferentibus
734 544 787 592 usus
898 561 929 595 12
933 561 946 609 5

220 618 337 682 Applicor
347 617 371 664 in
383 627 478 673 terras,
495 613 573 663 (thasi
588 613 702 680 Nympha
715 646 723 672 ‚
742 627 805 667 tuas.

181 691 282 756 Excipit
292 689 394 756 hospitio
403 689 441 738 vir
449 704 488 737 nte
498 701 572 737 tuus:
583 688 630 736 hoc
641 702 739 753 quoque
751 688 838 739 sadum

220 765 277 812 Non
287 764 339 813 sine
351 762 454 811 consilio
463 761 647 826 numinibusque
656 759 746 810 Deum.

181 837 228 887 ilie
238 836 333 901 quidem
343 835 445 885 ostendit
455 867 462 892 ‚
475 832 587 899 quicquid
597 832 836 886 Lacedaemonem

221 908 321 958 Ostendi
331 908 428 975 dignum
439 905 641 972 conspicuumque
651 906 706 956 fuit.

183 982 233 1034 Sed
242 982 299 1030 mihi
309 1013 317 1039 ,
333 980 452 1030 laudatam
462 979 568 1045 cupienti
581 994 682 1029 cernere
692 979 809 1039 forman.

220 1054 320 1103 Lumina
335 1053 368 1102 nil
377 1053 441 1103 aliud
450 1068 498 1118 quo
508 1064 654 1117 caperentur
664 1086 672 1111 ‚
684 1064 746 1103 erat.

182 1130 220 1178 Ut
229 1125 278 1175 vidi
287 1125 413 1190 „obstupui
424 1143 433 1185 3
444 1126 624 1192 praecordiaque
635 1125 717 1176 intima
728 1125 794 1177 sensi

222 1199 345 1250 Attonitus
359 1200 422 1249 curis
435 1197 568 1248 intumuisse
583 1200 665 1248 novis.

184 1272 229 1321 His
238 1273 324 1322 similes
333 1273 414 1322 vultus
423 1305 431 1330 ,
442 1269 556 1338 quantum
562 1271 719 1330 reminiscor,
729 1274 833 1322 habebat
842 1304 851 1332 ,

220 1347 296 1395 Venit
305 1347 330 1394 in
339 1345 462 1394 arbitrium
472 1341 525 1392 etim
537 1343 660 1410 Cytherea
669 1361 759 1396 meum.

184 1419 210 1469 Si
220 1430 247 1468 tu
257 1417 358 1468 venisses
368 1417 459 1483 pariter
469 1428 593 1466 certamen
603 1417 627 1465 in
636 1417 694 1465 illud
704 1449 712 1476 ,

222 1493 248 1541 ln
260 1491 356 1541 dubium
365 1490 470 1543 Veneris
478 1490 556 1556 palma
566 1489 646 1540 sutura
658 1489 713 1542 suit.

184 1566 275 1631 Magna
285 1565 380 1630 quidem
390 1565 420 1614 de
430 1576 456 1613 te
466 1581 549 1613 rumor
558 1563 678 1629 praeconia
688 1563 746 1613 fecit
755 1594 765 1623 ‚

222 1639 341 1704 Nudaque
352 1638 382 1686 de
393 1637 454 1688 satie
464 1637 542 1686 nescia
548 1649 614 1685 terra
623 1635 665 1685 tui
675 1635 708 1686 est
719 1653 726 1686 t

186 1712 240 1760 Nec
250 1710 293 1759 tibi
305 1727 346 1775 par
356 1710 451 1777 usquam
463 1709 584 1778 Phrygii:
600 1726 645 1759 nec
656 1709 720 1760 Solis
730 1710 760 1760 ab
773 1720 829 1760 ortu

224 1784 291 1832 inter
299 1783 412 1834 formosas
421 1784 498 1833 altera
511 1799 600 1833 nomen
610 1784 692 1833 habet.

188 1856 276 1905 Credis
289 1856 370 1907 &hoc
381 1857 471 1907 nobis?
482 1856 560 1907 minor
568 1855 602 1905 est
610 1869 653 1906 tua
662 1856 739 1924 gloria
747 1872 808 1907 vero
819 1871 828 1907 t

224 1931 341 1996 Famaque
351 1931 381 1980 de
391 1930 467 1981 forma
477 1948 546 1996 paene
555 1930 657 1999 maligna
665 1929 707 1980 tui
716 1929 759 1980 est.

188 2003 244 2053 Plus
255 1996 293 2052 hsc
301 2002 413 2063 invenio,
425 2007 494 2071 quam
506 2004 571 2070 quod
579 2003 716 2070 promiserit
723 2005 782 2054 illae
905 2015 954 2065 145

225 2076 255 2125 Et
266 2089 306 2124 tua
314 2077 413 2126 materii
422 2078 498 2143 gloria
512 2076 574 2126 vista
590 2077 630 2126 sui
643 2076 686 2126 ess.

185 2149 253 2214 Ergo
263 2148 322 2198 arsit
331 2143 417 2198 meritd
426 2149 467 2213 qui
476 2160 579 2197 noverat
588 2148 667 2196 omnia
678 2181 686 2206 ,
698 2146 809 2196 Theseus
821 2159 830 2196 t

227 2222 258 2269 Et
268 2219 314 2269 visa
324 2235 349 2269 es
357 2232 426 2270 tanto
439 2219 509 2284 digna
517 2220 600 2284 rapina
609 2220 678 2276 viro,

188 2296 263 2344 More
275 2306 322 2342 tuae
333 2294 411 2359 gentis
421 2291 495 2341 nitidi
505 2291 561 2339 dum
573 2291 635 2340 nuda
644 2290 748 2356 palestra

228 2366 315 2422 Ludis3
326 2365 350 2415 ὅ(
361 2383 387 2416 es
398 2366 466 2416 nudis
477 2365 565 2414 semina
573 2364 647 2414 mixta
655 2365 722 2414 viris.

190 2440 267 2503 Quod
275 2438 353 2503 rapuit
362 2439 432 2489 laudo
442 2456 449 2490 :
459 2439 550 2497 miror,
563 2437 629 2506 quod
643 2437 746 2488 reddidit
756 2454 866 2506 umquam
877 2454 885 2489 t

227 2513 289 2560 Tam
297 2512 358 2560 bona
368 2513 503 2563 constanter
510 2512 591 2580 prada
601 2511 707 2562 tenenda
716 2512 772 2563 suit.

139 2590 149 2605 ⁸
188 2587 257 2637 Ante
268 2583 401 2634 recessisset
409 2599 480 2653 caput
487 2588 536 2637 hoc
546 2586 643 2636 cervice
652 2585 771 2645 cruenti,

229 2657 308 2721 Quam
318 2668 346 2705 tu
355 2658 385 2706 de
394 2659 501 2710 thalamis
510 2659 672 2709 abstraherere
681 2659 752 2707 meis.

188 2734 262 2784 Tene
272 2746 359 2778 manus
364 2745 472 2796 umquam
481 2731 566 2780 nosirae
575 2731 696 2781 dimittere
705 2721 818 2780 vellent?
873 2786 877 2795 Ι

228 2806 299 2855 Tene
309 2819 364 2852 meo
374 2815 470 2868 paterer
479 2804 548 2852 vivus
559 2804 624 2852 abire
634 2803 687 2852 sinu
696 2799 708 2850 ἒ

190 2882 217 2932 Si
229 2877 351 2928 reddenda
361 2876 443 2934 sores,
452 2875 540 2942 aliquid
553 2888 633 2924 tamen
643 2886 699 2924 ante
708 2867 825 2924 tulissem:

229 2953 283 3000 Nec
292 2951 378 3002 Venus
387 2967 418 3000 ex
429 2961 484 3000 toto
494 2948 572 2998 nostra
581 2946 660 2998 suisset
670 2949 743 2998 iners·

190 3026 244 3080 Vei
253 3024 308 3077 mihi
317 3024 440 3091 virginitas
449 3021 508 3073 esset
517 3024 589 3072 libata
602 3039 610 3080 ς
626 3023 666 3072 vel
676 3021 735 3071 illud

231 3096 306 3164 Quod
316 3108 431 3165 poterat,
442 3096 650 3168 salvivirginitate
661 3095 739 3165 ,rapi
767 3132 769 3139 -
783 3118 836 3215 D·”
866 3133 870 3141 .

818 3182 837 3234 ι]
927 3228 940 3243 ⁸
