2392 3892
297 490 786 567 HEROIDES‚EP.1V.
848 514 897 588 17

187 610 245 665 Sola
263 628 310 665 nec
324 617 377 665 haec
389 617 459 665 nobis
470 614 555 681 injuria
566 616 634 665 venit
645 616 674 665 ab
685 616 727 664 illo
739 630 747 666 ε

225 687 253 736 ln
267 689 356 756 magnis
371 690 420 738 laesi
432 690 504 738 rebus
516 702 617 755 uterque
631 689 718 738 sumus.

190 758 247 809 Ossa
260 764 308 810 mei
320 762 398 810 fratris
414 763 482 811 clavi
494 762 613 827 persrasla
627 761 718 811 trinodi
915 771 962 821 115

226 833 318 896 Sparsit
327 834 392 883 humi
408 850 415 883 ι
429 835 498 883 soror
511 833 544 882 est
557 834 638 899 praeda
648 834 729 883 relisla
741 833 810 884 seris.

188 901 269 955 Prima
286 905 432 972 securigeras
447 908 509 953 inter
521 907 719 971 virtute'puellas

226 978 266 1026 Te
281 973 394 1044 peperit,
408 978 457 1025 nati
472 977 541 1043 digna
553 978 638 1044 vigore
651 994 747 1043 parent.

188 1050 215 1101 Si
227 1067 338 1116 quaeras,
350 1050 432 1100 ubisit
444 1067 452 1107 3
464 1049 572 1100 Theseus
583 1051 645 1099 latus
657 1052 712 1099 ense
723 1049 818 1118 peregit
830 1064 840 1101 t

227 1124 285 1171 Nec
296 1134 364 1171 tauto
376 1134 452 1171 mater
461 1124 562 1190 pignore
573 1136 625 1173 tuta
635 1123 690 1172 suit.
916 1125 965 1160 120

187 1194 225 1246 At
236 1210 269 1243 ne
280 1208 352 1261 nupta
364 1196 469 1261 quidem,
477 1196 587 1262 taedsrque
598 1210 699 1263 accepta
708 1196 791 1264 jugali.

227 1267 281 1317 Cur
292 1266 302 1316 ?
313 1270 357 1318 nisi
368 1286 398 1317 ne
409 1286 508 1336 caperes
519 1286 593 1337 regna
603 1283 703 1335 patema
713 1271 811 1320 nothus.

188 1341 292 1394 Addidit
305 1343 330 1392 ὅ(
339 1342 427 1392 fratres
438 1360 468 1392 ex
478 1359 516 1391 me
526 1344 570 1391 tibi
580 1358 587 1393 z
601 1360 662 1408 quos
672 1357 752 1393 tamen
762 1359 847 1393 omnes

226 1414 285 1465 Non
297 1432 344 1481 ego
355 1416 458 1465 tollendi
468 1414 552 1474 causa,
565 1415 605 1463 sed
615 1416 655 1465 ille
667 1415 722 1465 suit.

189 1486 216 1539 0
228 1488 235 1537 !
248 1489 340 1539 utinam
354 1488 464 1537 nocitura
477 1488 539 1548 tibi,
555 1488 717 1555 pulcherrime
730 1505 828 1550 rerum,
914 1504 963 1554 125

226 1562 256 1612 ln
271 1557 352 1611 medio
367 1562 421 1611 nisu
435 1562 525 1612 viscera
538 1575 609 1628 rupta
620 1562 719 1613 forent!

188 1634 200 1686 l
211 1651 292 1694 nunc,
306 1636 331 1686 dt
342 1635 419 1684 meriti
430 1635 518 1684 leslum
526 1652 642 1685 reverere
652 1635 776 1701 parentis,

227 1708 311 1772 Quem
323 1709 402 1775 sugit,
418 1709 443 1757 ὃ(
457 1708 524 1758 sasiis
538 1708 635 1757 abdicat
647 1709 688 1758 ille
699 1707 752 1759 suis.

188 1782 263 1840 Nec,
281 1782 335 1845 quir.
345 1781 453 1848 privigno
465 1780 551 1830 videor
561 1780 657 1831 coitura
668 1798 790 1842 noverca,

226 1854 371 1905 Terruerint
381 1856 472 1904 animus
483 1854 579 1904 nomina
589 1871 651 1903 vana
660 1866 727 1907 tuos.
912 1871 923 1910 r
928 1871 965 1924 30

191 1927 237 1980 lsla
248 1940 318 1979 vetus
331 1927 424 1994 pietas,
439 1946 492 1980 aevo
502 1927 617 1979 moritura
628 1928 730 1988 futuru,

227 2001 323 2051 Rustica
334 2003 437 2052 Saturno
447 2019 520 2070 regna
531 2013 631 2054 tenente
641 2036 650 2063 ,
662 2003 718 2055 fuit.

190 2075 307 2126 Saturnus
318 2075 405 2142 periit,
418 2076 542 2142 perierunt
554 2077 580 2127 δι
590 2075 630 2125 sua
639 2075 703 2142 jura.

228 2148 278 2198 Sub
289 2148 352 2200 Jove
362 2166 426 2204 nunc
437 2149 538 2199 mundus
549 2166 559 2207 3
572 2148 625 2214 jura
640 2148 759 2216 sequenda
774 2148 788 2201 J
791 2147 852 2200 ovis.

192 2220 304 2287 luppiter
318 2221 364 2271 esse
375 2217 531 2287 piurir'statuit
541 2255 549 2280 ,
561 2222 727 2288 quodcumque
738 2221 852 2288 juvaret:
915 2237 963 2288 135

229 2296 261 2345 Et
274 2296 310 2344 fas
322 2311 394 2360 omne
407 2294 466 2344 fucit
480 2295 553 2343 fratre
567 2295 651 2343 marita
663 2295 738 2344 soror.

193 2366 236 2418 Illa
249 2367 305 2418 coit
317 2366 384 2417 firmi
394 2368 491 2434 generis
502 2365 611 2431 junuura
626 2367 726 2426 catenl,

228 2440 342 2507 Imposuit
354 2434 434 2491 =nodos
448 2442 487 2491 cui
498 2441 583 2489 Venus
599 2439 646 2505 ipsa
664 2440 727 2491 suos.

193 2514 245 2564 Nec
256 2516 323 2580 lalior
335 2512 368 2564 est
379 2530 388 2572 ;
400 2515 480 2563 celare
489 2514 557 2563 licet.
568 2511 627 2562 Pete
638 2530 722 2564 munus
732 2513 761 2561 ab
770 2509 826 2564 illa:

228 2587 344 2654 Cognato
357 2589 449 2652 poterit
461 2586 557 2637 nomine
567 2579 638 2652 culpa
648 2586 708 2653 tegi.
916 2594 965 2642 140

191 2658 291 2718 ,Viderit
305 2661 428 2724 amplexos
439 2660 523 2726 aliquis
534 2677 542 2718 ς
552 2659 699 2709 laudabimur
710 2659 790 2710 ambo.

227 2734 306 2784 Dicar
318 2734 429 2799 privigno
443 2732 491 2796 fide
504 2749 611 2783 noverca
623 2749 690 2782 meo.

195 2806 249 2857 Non
259 2807 303 2857 tibi
313 2822 358 2872 per
367 2806 479 2855 tenebras
491 2806 542 2855 duri
553 2805 680 2855 reseranda
689 2802 770 2854 mariti

165 2887 173 2899 “
230 2880 305 2932 lanua
316 2913 323 2938 ‚
334 2896 384 2929 non
394 2877 470 2928 custos
481 2879 636 2944 decipiendus
648 2879 704 2926 erit.

198 2951 230 3003 Ut
239 2954 316 3003 tenuit
328 2952 413 3002 domus
423 2969 469 3009 una
480 2951 539 3002 duos
550 2985 557 3009 ,
572 2951 657 3000 domus
667 2967 714 2999 una
724 2947 827 2998 tenebit.
916 2964 965 3011 145

232 3026 319 3075 Oscula
330 3037 415 3092 aperta
427 3024 513 3082 dabas,
527 3024 607 3075 oscula
617 3035 701 3087 aperta
711 3021 784 3071 dabis.

198 3095 272 3149 Tutus
283 3099 329 3149 eris
340 3114 435 3146 mecum
445 3128 452 3152 ‚
463 3095 606 3160 laudemque
617 3096 742 3145 merebere
755 3094 825 3160 culpa
837 3110 846 3152 5

232 3170 272 3224 Tu
286 3172 347 3225 licet
358 3170 383 3223 in
396 3168 459 3223 letto
471 3167 617 3235 conspiciare
628 3182 695 3223 meo.
