2392 3892
298 462 558 531 Remota
584 458 800 529 Anorrs.
851 484 924 558 273
991 425 994 436 V

214 582 298 650 Atque
313 582 404 631 utinam
420 578 496 645 possis
512 577 584 627 etiam
600 577 715 627 facundus
730 578 755 627 in
768 577 817 629 illis

183 680 191 688 =
251 656 306 706 Effe
323 654 329 703 l
348 655 405 703 dole
419 650 531 710 tannim
550 652 635 718 sponte
652 650 753 701 disertus
768 654 825 702 eris.
934 667 987 720 310

215 729 329 781 Haeserat
345 728 369 777 in
386 727 487 792 quadam
502 742 578 789 nuper
594 742 647 773 mea
662 741 719 774 cura
735 726 837 790 puellb;

252 802 411 852 Conveniens
428 800 507 848 animo
526 815 574 847 non
590 810 641 848 erat
657 798 697 847 illa
714 814 779 847 meo.

216 875 325 926 Curabar
342 873 445 939 propriis
461 888 526 938 aeger
541 870 675 921 Podalirius
691 871 792 921 herbis:

252 948 304 1006 Et,
323 948 421 1004 fateor,
439 945 547 995 medicus
562 945 665 1009 turpiter
681 960 746 1011 aeger
761 960 837 997 eram.

215 1018 312 1071 Profuit
326 1017 498 1086 assidueyitiis
513 1017 619 1067 insistere
632 1016 717 1067 amicae
729 1034 739 1076 3
934 1032 984 1083 315

252 1094 330 1159 ldque
346 1093 403 1140 mihi
419 1092 504 1140 fadlum
521 1091 582 1156 saepe
599 1091 691 1141 salubre
707 1091 762 1141 fuit.

215 1165 298 1230 Quini
313 1167 373 1215 mala
387 1166 440 1214 sunt
455 1162 559 1222 nostrae,
577 1164 703 1222 dicebam,
721 1176 789 1215 crura
806 1163 912 1231 puellae!

252 1240 307 1289 Nec
325 1250 425 1296 tamen,
441 1250 469 1286 ut
484 1236 543 1287 verb
559 1236 737 1295 confiteamur,
755 1250 833 1288 erant.

214 1311 318 1362 Brachia
334 1314 402 1377 quam
418 1328 468 1359 non
484 1310 537 1361 sunt
551 1310 637 1358 nollrae
651 1310 755 1359 formosa
769 1314 855 1375 puellae
869 1310 875 1360 l

252 1385 397 1443 Ettamen,
416 1396 444 1432 ut
458 1381 517 1431 verd
533 1381 710 1440 conliteamur,
727 1396 804 1433 erant.
934 1397 986 1447 320

214 1458 298 1523 Quam
304 1458 383 1508 brevis
393 1457 426 1507 elt
436 1455 441 1505 !
451 1472 497 1505 nec
506 1467 566 1505 erat.
576 1456 656 1520 Quam
663 1456 761 1505 multum
767 1456 844 1521 poscit
850 1470 968 1506 amantem
977 1459 983 1507 l

254 1530 318 1580 Hinc
335 1532 392 1581 odio
409 1531 476 1579 venit
492 1530 592 1578 maxima
609 1528 678 1578 causa
693 1544 759 1577 meo.

212 1602 247 1653 Et
263 1605 324 1652 mala
340 1604 392 1653 sunt
407 1603 486 1653 vicina
501 1602 570 1653 bonis
587 1618 594 1653 ε
612 1618 695 1653 errore
712 1602 753 1663 sub
768 1602 811 1652 illo

254 1675 302 1726 Pro
319 1676 380 1725 vitio
396 1676 471 1725 virtus
489 1676 585 1724 crimina
602 1676 663 1741 saepe
681 1676 746 1726 tulit.

217 1748 297 1813 Quam
312 1761 405 1813 potes,
422 1748 447 1796 in
458 1746 531 1813 ,pejus
549 1748 619 1798 dotes
637 1746 738 1797 defledte
753 1748 860 1812 puellae3
935 1762 968 1814 32
970 1766 986 1815 5

253 1821 421 1888 Iudiciumque
437 1822 505 1871 brevi
521 1819 594 1871 limite
610 1822 666 1871 falle
683 1834 759 1871 tuum.

215 1894 342 1962 Turgida,
361 1896 382 1945 si
395 1897 466 1962 plena
483 1893 516 1944 est
529 1910 536 1944 z
549 1894 569 1944 si
585 1894 650 1945 fusca
664 1895 716 1955 est,
734 1895 802 1963 nigra
817 1907 932 1947 vocetur.

253 1969 282 2018 In
299 1968 382 2037 gracili
397 1970 484 2018 macies
500 1969 590 2019 crimen
605 1970 694 2024 habere
710 1969 797 2036 potest.

216 2042 249 2092 Et
265 2043 356 2107 poterit
373 2042 419 2090 dici
434 2042 564 2105 petulans,
583 2058 637 2107 quae
654 2042 738 2091 rustica
755 2059 804 2092 non
818 2042 871 2100 est3

254 2115 286 2163 Et
299 2109 391 2181 poterit
407 2114 453 2162 dici
468 2112 570 2172 rustica,
588 2115 609 2162 si
626 2131 673 2179 qua
689 2116 766 2179 proba
783 2114 826 2180 eli.
936 2126 988 2178 330

217 2186 284 2251 Quin
301 2188 392 2246 etiam,
411 2202 559 2252 quacumque
577 2199 644 2235 caret
659 2199 700 2235 tua
716 2185 803 2235 femina
820 2186 898 2245 dote,

257 2261 324 2310 Hanc
341 2272 457 2317 moveat,
479 2260 571 2308 blandis
587 2276 664 2325 usque
680 2275 781 2325 precare
799 2258 870 2307 sonis.

217 2331 295 2399 Exige
312 2334 377 2399 quod
393 2343 492 2389 cantet,
509 2333 530 2382 si
546 2349 591 2397 qua
607 2332 640 2381 est
656 2332 707 2382 sine
723 2348 786 2381 voce
803 2334 903 2397 puella;

254 2406 272 2455 F
275 2422 301 2454 ac
317 2407 387 2456 saltet
397 2416 407 2464 ,'
424 2406 499 2456 nescit
514 2399 534 2455 §i
549 2423 595 2471 qua
608 2422 709 2455 movere
725 2422 830 2455 manum.
966 2405 987 2415 “”

218 2480 324 2532 Barbara
340 2479 447 2529 sermone
464 2479 516 2535 est3
533 2479 571 2529 fac
587 2491 669 2530 tecum
684 2480 756 2529 multa
771 2480 892 2545 loquatur.
937 2489 968 2541 33
976 2490 988 2539 5

254 2552 312 2601 Non
327 2553 410 2602 didicit
425 2551 526 2602 chordas
543 2565 663 2620 tangere3
681 2553 753 2620 posce
767 2555 854 2620 lyram.

217 2622 311 2674 Ducitis
328 2625 439 2680 incedit3
458 2625 512 2672 lace
528 2624 682 2676 inambulet:
702 2642 773 2674 omne
790 2625 884 2689 papilla

256 2694 342 2744 Pedius
357 2696 446 2745 habent
462 2696 578 2753 tumidae3
595 2696 666 2745 fascia
682 2697 746 2748 nulla
760 2707 838 2761 tegat.

218 2768 244 2821 Si
259 2766 321 2817 mald
338 2768 435 2818 dentata
449 2767 501 2825 est;
521 2783 589 2816 narra
600 2800 611 2833 ,y
626 2768 692 2833 quod
708 2767 803 2824 rideat,
821 2766 866 2816 illi.

256 2832 374 2891 Mollibus
391 2840 423 2889 est
439 2840 536 2896 oculis3
554 2840 620 2905 quod
634 2839 764 2898 dearilla,
784 2839 859 2888 refer.
939 2850 993 2903 340

217 2914 331 2965 Proderit
349 2913 374 2963 δι
392 2911 488 2971 suhitd‚
507 2910 560 2961 cuim
578 2913 602 2977 se
618 2928 666 2962 non
679 2911 776 2963 finxerit
791 2899 854 2971 ullii

258 2987 296 3036 Ad
316 2987 434 3037 dominam
449 2987 544 3037 celeres
559 3002 629 3035 mane
647 2985 723 3037 tuliffe
741 2986 838 3053 gradus.

223 3058 361 3111 Auferimur
378 3063 467 3111 cultu:
485 3060 582 3127 gemmis
599 3076 708 3125 auroque
724 3074 840 3127 teguntur

262 3132 350 3184 Omnia
366 3151 373 3185 t
390 3152 444 3202 pars
461 3134 556 3194 minima
573 3133 607 3185 est
619 3134 671 3201 ipsa
686 3135 765 3201 puella
781 3132 825 3184 sui.

830 3222 888 3277 Me
