2392 3892
255 447 332 522 294
383 425 591 495 Orrnrr
619 421 881 491 Neronis

254 549 344 602 Foedus
360 544 463 599 Lucanis
480 541 633 613 provolvitur
649 540 725 590 Ursus
741 541 776 589 ab
792 541 891 595 antris:

257 622 325 686 Quid
335 620 381 671 nisi
397 620 492 687 pondus
505 619 590 674 iners,
609 613 750 678 stolidaeque
761 612 863 666 ferocia
872 613 977 668 mentis!

196 742 201 756 ,
259 695 334 745 Auos
352 695 419 760 Aper
433 692 489 742 setis
505 692 565 741 iram
581 687 711 739 denunciat
727 687 822 740 hirtis:

214 769 249 823 60
260 769 292 819 Et
311 767 358 819 ruit
375 765 482 833 oppositi
495 765 575 814 nitens
590 763 615 812 in
629 763 730 811 vulnera
747 761 835 822 serrig

260 839 353 913 Pressqs
369 840 395 890 dt
411 837 492 889 emisso
509 837 612 887 moritur
628 851 672 901 per
686 834 784 885 viscera
798 838 867 888 telo.

259 916 346 967 Altera
363 928 437 979 pars.
454 909 531 961 fidens
548 909 668 976 pedibus,
687 908 727 958 dat
744 920 819 977 terga
836 911 965 979 sequenti,

261 990 297 1040 Ut
312 986 394 1053 pavidi
408 985 537 1052 Lepores,
557 994 584 1033 ut
601 983 669 1033 fulvo
683 992 786 1049 tergore
801 983 918 1047 Darne,

261 1063 299 1113 Ut
315 1073 389 1109 cauto
403 1057 499 1126 fugiens
511 1056 606 1107 Cervus
624 1056 675 1105 sine
693 1052 743 1115 fine
759 1057 868 1108 timore.

216 1136 251 1201 65
266 1133 277 1199 (
290 1132 341 1200 lpsa
358 1131 425 1196 sequi
441 1143 526 1181 natura
543 1130 638 1186 docet,
656 1129 697 1177 vel
714 1130 858 1182 comminus
874 1131 944 1201 ire.)

262 1207 311 1258 Hic
326 1204 458 1272 generosus
474 1203 572 1260 honos,
590 1201 618 1252 δι
632 1200 710 1268 gloria
722 1199 805 1266 major
819 1204 957 1271 Equorum.

262 1281 325 1330 Nam
336 1276 435 1343 capiunt
444 1276 527 1327 animis
538 1276 639 1342 palmam
651 1307 659 1332 ‚
669 1273 832 1342 gaudentque
844 1279 979 1348 triumpho:

263 1352 314 1403 Seu
329 1351 421 1416 septem
437 1350 516 1417 spatiis
533 1348 608 1399 Circo
622 1362 736 1397 nemete
754 1364 890 1401 coronam.

265 1426 357 1477 Nonne
372 1423 461 1482 vides,
478 1422 556 1474 vietor
571 1419 664 1486 qnantd
680 1419 806 1472 sublimius
824 1425 905 1475 altum

220 1515 257 1566 70
271 1498 379 1551 Attollat
394 1508 468 1563 eaput
479 1528 498 1564 ,,
510 1498 536 1549 δι
549 1493 616 1561 vulgi
630 1493 654 1543 se
668 1493 785 1545 venditet
800 1496 896 1548 aura?

268 1571 371 1623 Celsare
387 1568 443 1621 eum
459 1570 523 1622 caeso
538 1569 669 1619 decoratur
685 1578 757 1635 terga
775 1568 876 1630 leone,

267 1644 350 1709 Quam
363 1641 486 1695 tumidus!
504 1654 643 1709 quantoque
656 1640 726 1690 venit
742 1640 885 1707 speslabilit
900 1642 967 1694 astu!

269 1717 486 1784 ‘compescatque
503 1716 579 1767 solum
594 1712 714 1780 generoso
732 1714 839 1765 concita
855 1717 925 1783 pulsu

269 1792 369 1859 Ungula
384 1791 426 1840 sub
442 1789 522 1855 spoliis
538 1788 645 1856 graviter
658 1774 786 1838 rededntis
804 1789 908 1855 opimis.

227 1881 243 1928 7
248 1878 260 1926 5
273 1864 340 1929 Quid
348 1866 399 1914 laus
408 1863 483 1928 prima
493 1858 605 1913 Canum?
615 1859 700 1927 quibus
709 1859 745 1910 est
753 1861 863 1912 audacia
871 1876 984 1930 praeceps,

270 1936 432 2003 venandique
450 1937 519 2002 sagax
535 1934 632 1991 virtus,
648 1932 763 2000 viresque
781 1934 917 2003 sequendi.

273 2010 335 2074 Quae
350 2026 414 2060 nunt
429 2010 500 2059 elatis
514 2008 631 2058 rimantur
647 2005 744 2056 naribus
760 2024 860 2068 auras,

272 2083 304 2132 Et
319 2101 383 2134 nunc
398 2082 495 2133 demisso
512 2091 623 2147 quaerunt
639 2078 737 2146 vestigia
754 2079 838 2131 rostro
852 2099 863 2141 ς

273 2156 305 2207 Et
316 2158 422 2223 produnt
433 2158 539 2207 clamore
550 2156 626 2204 feram
637 2186 645 2210 ,
657 2152 838 2220 dominumque
848 2155 960 2206 vocando

230 2231 264 2280 80
275 2231 425 2296 lncrepitant
436 2232 446 2252 “
458 2245 529 2296 quem
545 2228 565 2279 si
581 2226 677 2277 collatis
692 2224 780 2294 effugit
794 2229 892 2288 armis,

275 2303 412 2371 Insequitur
421 2304 576 2369 tumulusque
588 2300 653 2351 canis
663 2315 818 2367 camposque
830 2319 879 2368 per
888 2316 974 2353 omnes.

276 2471 364 2521 Noster
378 2471 401 2519 in
415 2483 466 2520 arte
480 2471 549 2519 labor
565 2467 659 2535 positus
675 2482 683 2516 r
700 2465 755 2532 spes
772 2470 859 2522 omnis
876 2471 900 2520 in
916 2469 962 2519 illa.

275 2545 330 2594 Nec
346 2555 426 2592 tamen
443 2544 467 2591 in
483 2543 574 2593 medios
588 2539 667 2608 pelagi
682 2550 707 2589 te
723 2557 838 2609 pergere
856 2544 926 2594 sedes

278 2616 444 2674 Admoneam,
460 2617 566 2682 vastique
581 2614 651 2665 maris
668 2624 767 2664 tentare
782 2616 946 2680 profundum.

233 2690 265 2755 85
278 2692 346 2742 inter
360 2702 487 2757 utrumque
502 2689 551 2739 loci
565 2684 651 2739 melius
666 2685 838 2740 moderabere
856 2690 947 2740 sunem.

278 2764 371 2829 Aspera
387 2781 443 2814 num
457 2763 517 2814 saxis
532 2765 587 2812 loca
604 2763 652 2812 ssnt
666 2777 673 2811 :
689 2776 744 2810 nam
763 2762 826 2812 talia
843 2764 927 2814 lentos

279 2837 423 2903 Deposcunt
437 2839 542 2888 calamos
556 2852 565 2888 t
580 2849 605 2886 at
619 2851 704 2902 purum
718 2833 785 2885 retia
803 2837 878 2889 litus.

279 2910 345 2960 Num
359 2927 428 2961 mons
442 2912 572 2962 horrentes
587 2909 698 2959 demittat
714 2909 809 2960 celsior
825 2912 926 2962 umbras

280 2981 309 3030 ln
323 2999 390 3033 mare
405 2998 412 3033 t
427 3002 481 3034 nam
496 2984 562 3035 varie
577 2982 672 3050 quidam
687 2982 843 3051 fugiuntque
860 2990 984 3053 petuntque·

235 3053 345 3120 90Num
361 3056 421 3106 vada
438 3057 542 3109 subnatis
558 3059 608 3107 imo
623 3055 761 3108 viridentur
778 3059 811 3109 ab
828 3059 915 3112 herbis
