2392 3892
223 393 230 406 ’
280 442 349 516 ¹32
400 421 607 489 Orrurr
636 421 884 502 Amorum

274 542 327 589 Nec
343 551 391 598 tu,
409 540 429 589 si
444 540 496 605 quis
514 541 560 590 erit
579 540 663 605 capitis
677 540 790 589 mercede
804 541 948 600 redemtus}

309 612 415 679 Despice
433 613 527 681 gypsati
540 614 630 664 crimen
645 613 715 662 inane
730 612 808 679 pedis.

229 684 245 732 6
249 698 262 746 5
273 686 327 735 Nec
343 697 369 736 te
386 685 508 752 decipiant
522 699 622 737 veteres
638 686 787 753 quinquatria
803 702 867 737 cerae
879 703 887 737 a
900 688 912 710 ’

309 758 383 808 Tolle
397 770 454 809 tuos
469 771 570 818 tecum,
589 775 681 825 pauper
695 771 806 817 amator,
822 776 892 810 avos.

271 830 358 896 Quid?
370 832 423 899 quia
432 832 532 899 pulcher
540 832 602 891 etit,
612 831 698 900 poscet
705 833 757 883 sine
765 848 865 883 munere
874 826 984 883 nostemi

310 904 386 969 Quod
401 905 461 964 det,
479 917 613 956 amatorem
628 906 722 973 flagitet
737 917 794 955 ante
810 905 887 956 suum.

198 1029 201 1035 ,
272 976 371 1029 Parcius
387 978 478 1047 exigito
493 979 617 1045 pretium,
635 980 691 1028 dum
706 979 768 1029 retia
783 978 884 1049 tendis,

228 1064 264 1112 70
309 1052 348 1101 Ne
362 1051 474 1118 fugiant:
488 1062 573 1115 captos
586 1051 681 1118 legibus
695 1066 739 1099 ure
753 1050 812 1101 tuis.

272 1124 327 1192 Npc
342 1124 426 1173 nocuit
440 1124 563 1173 simulatus
578 1138 666 1180 amor;
683 1122 735 1171 sine
751 1123 837 1172 credat
852 1122 949 1177 amari:

309 1195 357 1246 Sed
372 1212 451 1253 cave,
468 1211 499 1244 ne
516 1194 589 1263 gratis
604 1194 644 1244 hic
660 1194 706 1262 tibi
721 1193 815 1244 constet
830 1211 910 1247 amor.
987 1223 992 1235 ·

271 1269 341 1333 Saepe
356 1277 418 1335 nega
433 1267 519 1322 nolles
535 1283 543 1317 r
561 1267 647 1333 capitis
662 1263 736 1318 modi)
748 1265 813 1335 finge
829 1267 970 1329 doloremg

306 1340 340 1391 Et
355 1338 449 1401 modi,
467 1358 520 1409 quae
537 1340 619 1392 causas
635 1341 763 1408 prebeat,
781 1338 827 1390 Isis
843 1341 900 1390 erit.

227 1427 260 1477 75
272 1413 334 1465 Mox
350 1415 433 1482 recipe
445 1446 454 1474 ,
472 1426 500 1465 ut
514 1415 606 1465 nullum
621 1413 729 1482 patiendi
745 1413 844 1481 colligat
857 1414 926 1465 usum
933 1430 950 1476 ς

306 1489 378 1538 Neve
394 1488 538 1539 relentescat
553 1488 615 1553 sepe
631 1485 739 1554 repulsus
755 1502 834 1537 amor.

270 1560 346 1611 Surda
362 1561 394 1611 sit
410 1561 488 1611 oranti
500 1573 542 1612 tua
554 1558 645 1628 janua,
663 1561 716 1609 laxa
734 1557 834 1610 serenti.
870 1606 872 1609 ,

306 1633 396 1684 Audiat
413 1634 506 1684 exclusi
520 1634 596 1684 verba
612 1645 727 1700 receptus
743 1647 833 1683 amans.

270 1707 301 1756 Et
312 1738 320 1763 ‚
338 1705 405 1773 quasi
414 1705 469 1758 laesa
479 1707 563 1773 prior,
581 1722 759 1771 nonnumquam
768 1705 871 1756 irascere
883 1704 963 1760 laesor

225 1776 259 1827 80
304 1778 428 1830 vanescat
443 1780 514 1847 culpi
530 1781 601 1846 culpa
618 1778 718 1844 repensa
735 1777 786 1827 tud.
975 1841 977 1846 ι

268 1852 317 1903 Sed
332 1868 459 1918 numquam
476 1852 572 1903 dederis
587 1850 714 1918 spatiosum
729 1861 824 1916 tempus
839 1850 865 1901 in
879 1850 962 1905 iram

304 1924 374 1989 Saepe
392 1921 525 1974 simultates
539 1921 681 1973 ira'motata
698 1922 765 1973 satit.

205 1991 212 2009 ⁹
268 1995 334 2061 Quin
349 1996 420 2046 etiam
436 1995 526 2047 discant
540 1996 606 2046 oculi
619 1998 753 2063 lacrymare
768 1994 867 2049 coatiia

303 2070 336 2119 Et
351 2069 439 2121 satim
454 2070 513 2121 udas
530 2070 571 2120 illa
586 2071 629 2120 vel
642 2070 682 2119 illa
701 2086 784 2137 genas.

224 2140 256 2204 85
267 2144 322 2194 Nec
336 2176 344 2201 ‚
360 2143 380 2193 si
395 2160 467 2210 quem
480 2144 570 2203 falles,
590 2154 617 2193 tu
630 2141 756 2209 perjurare
770 2143 867 2194 timeto.

304 2218 448 2269 Commodat
461 2216 538 2268 illusis
554 2216 651 2269 numina
666 2216 736 2267 surda
751 2216 849 2268 Venus.

267 2291 356 2341 Servus
371 2292 398 2341 δι
414 2291 445 2341 ad
460 2304 541 2358 partes
558 2290 642 2342 sollers
659 2291 744 2339 ancilla
760 2301 895 2354 parentur,

302 2361 353 2426 Qui
367 2363 492 2421 doceant,
510 2360 566 2429 apte
582 2362 640 2428 quid
654 2360 698 2410 tibi
713 2360 791 2426 possit
807 2360 864 2410 emi.

265 2434 296 2484 Et
310 2434 354 2484 sihi
368 2452 443 2500 pauca
457 2447 546 2501 rogent
561 2449 569 2484 ε
585 2435 674 2483 multos
688 2433 708 2482 si
723 2448 800 2498 pauca
814 2434 955 2500 rogabunt,

221 2519 271 2578 9οΙ
300 2503 428 2559 Postmodo
445 2507 475 2557 de
492 2506 574 2571 stipula
589 2504 684 2571 grandis
700 2521 803 2557 acervus
819 2507 876 2557 erit.

264 2581 297 2633 Et
307 2580 374 2633 soror
385 2613 393 2639 ,
406 2579 432 2631 tr
441 2591 535 2637 mater,
551 2578 632 2629 nutrix
642 2594 739 2645 quoque
750 2591 832 2646 carpat
842 2591 976 2636 amantem.

300 2654 339 2706 Fit
352 2652 403 2705 citri
417 2669 462 2719 pet
477 2652 563 2702 multas
577 2651 659 2717 ptaeda
674 2651 751 2716 petita
768 2669 863 2708 manus.

264 2725 327 2777 Cirm
339 2740 366 2779 te
381 2726 494 2779 deficient
509 2725 625 2794 poscendi
639 2742 739 2777 munera
755 2726 830 2777 causat
842 2759 854 2786 ,.

299 2802 410 2852 Natalem
429 2801 478 2852 libo
496 2797 622 2853 testificare
638 2812 716 2850 tuum.

218 2886 252 2940 95
262 2874 302 2925 Ne
319 2874 414 2925 securus
430 2887 513 2935 amet,
531 2876 598 2925 nullu
613 2872 707 2933 rivale,
726 2884 822 2925 caveto.

299 2948 356 2997 Non
370 2950 450 3010 bene,
468 2948 488 2997 si
502 2949 573 2999 tollas
589 2948 693 3014 proelia,
715 2946 785 2996 durat
799 2950 878 2999 amori

263 3018 369 3072 Alterius
385 3032 441 3073 toto
456 3021 538 3072 videat
553 3019 650 3086 vestigia
665 3016 748 3071 lesio,

297 3092 416 3163 Fassaque
431 3093 524 3148 lascivis
538 3091 612 3148 livida.
626 3087 688 3142 colla
704 3086 780 3144 uotis.
