2392 3892
279 457 335 509 us
360 437 478 507 Anca
503 438 699 506 Amnum
723 441 761 507 L.
786 444 814 510 I.
844 462 888 512 21
897 464 918 537 3

223 557 301 616 Dirit3
320 556 346 607 &
363 572 377 607 e
396 572 487 613 curru,
504 573 534 605 ne
550 557 625 624 tigres
642 556 682 605 illa
698 558 815 618 timeret,

250 631 360 681 Desilit:
376 629 490 695 imposito
509 631 582 679 cessit
600 646 671 679 arena
687 630 753 694 pedi.
930 634 980 697 560

220 702 401 771 Implicitamque
417 702 489 759 sinu,
509 717 588 767 neque
606 702 669 751 enim
685 719 791 770 pugnare
805 707 919 765 valebat,
1021 737 1023 740 .

249 776 351 827 Abstulit
366 791 373 825 :
391 789 418 825 ut
437 774 507 823 facile
524 775 557 824 est
574 776 653 825 omnia
670 775 735 839 posse
752 778 820 827 Deo.

218 848 268 901 Pars
277 884 286 907 ‚
296 848 432 915 Hymenaee
442 879 450 905 ‚
462 861 567 897 canunt:
578 860 633 914 pats
644 850 764 905 clamant,
776 850 835 900 Evie
845 853 907 902 evo&
918 851 925 902 l

247 923 287 973 Sic
305 922 395 971 co'e'uut
411 919 478 970 sacro
494 933 567 986 nupta
584 922 703 988 Deusque
719 935 786 973 toro.

215 994 297 1063 Ergo,
316 994 358 1044 ubi
373 993 519 1059 contigerint
535 994 608 1058 positi
625 994 669 1044 tibi
685 1012 784 1046 munera
800 996 910 1056 bacchi,
932 996 979 1061 565

248 1068 330 1133 Atque
347 1066 393 1116 erit
408 1065 432 1114 in
449 1065 507 1115 socii
524 1065 611 1115 femina
628 1080 697 1133 parte
712 1069 783 1127 tori;

214 1140 397 1209 Nysleliumque
413 1151 524 1203 patrem,
543 1139 706 1207 noslurnaque
722 1142 786 1193 sacra
801 1159 901 1211 precare
911 1155 925 1202 3.

249 1214 288 1263 Ne
305 1212 404 1277 jubeant
422 1212 495 1277 capiti
510 1211 565 1260 vina
582 1230 672 1263 nocere
688 1228 741 1265 tuo.

213 1285 261 1336 Hic
277 1285 322 1335 tibi
338 1286 413 1333 multa
429 1284 487 1333 licet
504 1285 612 1333 sermone
627 1287 724 1336 licentia
740 1288 805 1341 testo

251 1358 363 1415 Dicere,
383 1374 436 1423 qum
452 1357 500 1406 dici
517 1355 602 1406 sentiat
618 1358 658 1406 illa
674 1358 737 1407 sibi:
932 1376 982 1425 570

214 1430 392 1496 Blanditiasque
406 1430 474 1479 leves
491 1430 557 1478 tenui
572 1429 719 1495 perscribere
735 1430 812 1489 vino,

249 1504 286 1554 Ut
302 1504 423 1553 dominam
441 1502 465 1550 in
482 1501 561 1551 mensa
578 1502 601 1551 se
618 1504 683 1569 legat
698 1504 738 1552 illa
754 1515 838 1553 tuam:

213 1575 297 1643 Atque
314 1576 399 1626 oculos
414 1574 490 1624 oculis
505 1574 610 1640 speslare
625 1575 754 1625 fatentibus
771 1577 861 1642 ignem.

250 1652 321 1715 Saepe
337 1661 420 1699 tacens
437 1663 524 1697 vocem
540 1650 661 1715 verbaque
678 1650 759 1700 vultus
774 1650 857 1699 habet.

213 1724 262 1773 Fac
279 1722 368 1787 primus
383 1720 460 1786 rapias
476 1721 538 1770 illius
555 1721 617 1771 tasta
632 1724 725 1773 labellis
933 1735 981 1785 575

251 1794 362 1852 Pocula;
380 1793 472 1860 quique
490 1794 555 1843 bibet
570 1806 638 1860 parte
655 1796 754 1860 puella,
773 1794 849 1847 bibas.

214 1867 247 1918 Et
263 1868 430 1934 quodcumque
447 1866 493 1915 cibi
509 1866 586 1935 digitis
603 1867 713 1918 libaverit
728 1869 787 1927 illa,

251 1941 291 1989 Tu
307 1952 364 2005 pete
380 1940 507 2005 :dumque
523 1952 611 2006 petes,
630 1942 661 1991 sit
675 1942 719 1992 tibi
735 1942 797 1991 tasia
812 1956 906 1994 manus.

214 2012 268 2063 Sint
282 2013 354 2062 etiam
371 2024 412 2063 tua
425 2026 483 2063 vota
498 2013 551 2064 viro
568 2015 679 2080 placuisse
695 2016 804 2081 puellae:

252 2085 343 2135 Utilior
358 2086 427 2136 vobis
442 2085 516 2135 fastus
533 2087 622 2135 amicus
639 2088 695 2136 erit.
934 2085 984 2148 580

213 2157 302 2215 Huic,
320 2158 340 2208 si
356 2159 419 2209 sorte
436 2159 522 2215 bibes,
541 2158 629 2207 sortem
647 2158 755 2207 concede
772 2158 897 2224 prioremr

252 2230 320 2279 Huic·
336 2231 406 2281 detur
423 2229 495 2295 capiti
513 2229 592 2278 demta
610 2245 701 2279 corona
714 2241 770 2279 tue.

214 2303 277 2354 Sive
291 2304 337 2354 erit
353 2303 475 2361 inferior.
492 2301 533 2349 seu
549 2318 611 2367 par,
630 2303 697 2367 prior
713 2301 792 2352 omnia
808 2301 903 2351 sumat:

253 2376 309 2424 Neu
324 2377 418 2427 dubites
434 2376 468 2424 illi
485 2375 559 2423 verba
573 2375 677 2425 secunda
693 2376 769 2441 loqui.

214 2447 281 2498 Tuta
290 2450 451 2515 frequensque
459 2446 497 2497 via
507 2446 553 2505 est,
563 2466 607 2514 per
616 2450 716 2497 amicum
725 2448 809 2498 fallere
817 2462 921 2500 nomen:
934 2446 967 2512 58
972 2462 983 2509 5

252 2521 319 2570 Tuta
333 2522 493 2587 frequensque
510 2521 615 2573 licetsit
629 2521 689 2580 νίας
707 2523 797 2572 crimen
812 2521 897 2572 habet.

214 2595 277 2644 Inde
293 2606 437 2657 procurator
452 2594 547 2643 nimium
562 2612 659 2660 quoque
674 2596 749 2645 multa
762 2604 898 2660 procurat,
925 2611 927 2615 ·

254 2665 287 2713 Et
303 2665 347 2711 sibi
363 2665 477 2713 mandatis
493 2667 561 2728 plura
575 2666 679 2715 videnda
694 2678 773 2731 putat.

217 2738 295 2788 Certa
312 2735 355 2784 tibi
371 2752 384 2783 a
400 2735 468 2783 nobis
485 2734 577 2784 dabitur
593 2738 701 2785 mensura
716 2736 832 2787 bibendi:

256 2806 372 2859 Officium
390 2806 500 2872 praelient
515 2823 630 2873 mensque
646 2809 769 2874 pedesque
786 2808 862 2860 fuum.
938 2822 988 2874 590

217 2882 302 2948 Iurgia
317 2880 456 2948 praedpub,
474 2877 531 2927 vino
548 2878 683 2937 stimulata,
699 2892 808 2937 caveto,

257 2954 287 3003 Et
304 2956 400 3005 nimium
418 2952 500 3003 faciles
516 2951 545 2999 ad
561 2951 613 3000 fera
629 2952 693 3001 bella
708 2969 801 3004 manus.

220 3027 321 3079 Occidit
339 3028 457 3096 Eurytion
475 3022 545 3074 stulte
561 3024 615 3073 data
630 3025 686 3074 vina
702 3027 827 3080 bibendo:

257 3099 345 3167 Aptior
358 3102 391 3156 est
406 3099 470 3156 dulci
485 3098 564 3151 mensa
580 3114 719 3168 merumque
732 3098 800 3180 jose.
