2392 3892
324 447 789 532 ¹HAzriauurcorr.
850 472 925 550 293

216 566 323 623 Dimotir
340 568 436 627 caudi,
453 566 574 618 submissus
591 565 668 625 sidit,
684 566 774 617 arenis.

691 638 715 687 in
733 656 803 691 auras

214 716 329 776 Emicat,
347 729 420 782 atque
436 714 506 764 dolos
523 713 583 762 saltu
601 710 693 761 deludit
708 712 809 763 inultus.
935 730 968 779 25

213 800 849 838 *enarrareameerra'

214 861 246 911 Et
260 876 369 911 muraena
386 861 473 917 ferox,
489 861 574 909 teretis
589 860 635 909 sibi
650 858 747 908 conscia
762 860 845 928 tergi,

214 934 254 985 Ad
269 936 352 984 laxata
368 933 441 999 magis
459 932 574 982 conversa
589 932 707 983 foramina
721 932 801 992 retis,

215 1008 328 1058 Tandem
344 1007 492 1073 permultos
509 1006 590 1055 evadit
606 1005 697 1055 lubrica
713 1005 802 1057 flexus.

213 1080 383 1145 Exemploque
399 1090 491 1137 uocet„
510 1078 600 1127 cunsiis
615 1079 748 1128 intervenit
763 1095 821 1130 una.

215 1153 250 1204 At
266 1156 353 1203 contri
370 1151 473 1217 scopulis
490 1152 572 1200 crinali
592 1168 696 1220 corpore
712 1151 791 1219 segnis
937 1166 973 1221 30

215 1226 325 1294 Polypus
341 1225 437 1282 haeret,
458 1225 484 1275 dt
498 1225 543 1274 hac
559 1225 636 1274 eiudit
650 1225 713 1275 retia
729 1224 834 1284 fraude,

214 1299 248 1349 Et
264 1299 306 1349 sub
323 1299 379 1365 lege
395 1296 444 1346 loci
458 1296 527 1347 sumit
541 1309 667 1363 mutatque
681 1299 811 1356 colorem;

216 1373 319 1438 Semper
335 1372 359 1419 ei
374 1370 472 1427 similis,
490 1386 561 1435 quern
572 1371 683 1437 contigit.
702 1370 784 1435 Atque
795 1370 836 1420 ubi
849 1372 954 1435 praedaro

215 1443 369 1495 Pendentem
383 1442 438 1493 setis
452 1443 535 1493 avidus
549 1444 611 1509 rapit
622 1459 634 1501 ,1
648 1440 688 1492 hic
706 1459 803 1509 quoque
819 1444 883 1493 saliit

215 1518 288 1568 Elaro
305 1518 418 1574 calamo,
436 1513 489 1565 crim
504 1515 600 1565 demum
616 1515 720 1565 emersus
737 1516 762 1566 in
778 1532 849 1567 auras
938 1530 952 1583 3
957 1532 970 1581 5

214 1590 318 1641 Brachia
334 1588 455 1648 dissolvit,
473 1590 663 1655 popuiautmque
680 1588 773 1654 exspuit
786 1591 890 1641 hamum

215 1664 251 1714 Ar
268 1663 349 1730 Mugil
366 1660 441 1711 caudi
456 1662 603 1726 pendentem
619 1664 749 1712 everberat
766 1663 862 1723 escam,

216 1734 388 1801 Excussamque
403 1735 472 1801 legit.
489 1735 570 1799 Lupus
586 1736 636 1784 acri
654 1736 763 1785 concitus
779 1736 814 1785 ira

215 1808 333 1858 Discursu
349 1808 427 1857 fertur
442 1795 530 1864 virio,
548 1807 682 1874 duriusque
697 1809 805 1859 serentes

215 1880 391 1947 Prosequitur,
407 1879 544 1946 quassatque
554 1892 645 1946 caput,
662 1880 717 1930 dum
728 1883 829 1932 vulnere
841 1883 917 1934 saevus
936 1890 971 1944 4'0

215 1953 310 2005 Laxato
327 1954 396 2003 cadat
412 1954 513 2011 hamus,
532 1954 558 2003 ὅ(
573 1971 616 2003 ora
633 1954 740 2019 patentia
756 1957 857 2021 linquat.

215 2028 272 2077 Nec
287 2028 396 2094 proprias
410 2026 473 2075 vires
491 2026 568 2074 nescit
584 2027 695 2076 Muraena
709 2029 832 2078 nocendi:

214 2100 364 2167 Auxilioque
379 2098 424 2149 sibi
439 2096 491 2153 esi,
509 2095 590 2145 morsu
607 2112 654 2145 nec
671 2099 804 2147 comminus
820 2099 872 2148 acri

216 2171 329 2232 Deficit,
345 2183 391 2222 aut
408 2169 500 2220 animos
520 2168 589 2234 ponit
607 2169 701 2234 captiva
717 2168 832 2220 minaces.

216 2246 320 2297 Anthias
336 2245 392 2303 his,
409 2255 482 2310 tergo
499 2259 553 2309 quae
568 2242 698 2299 concutit,
717 2243 794 2293 utitur
809 2243 900 2302 armis,
938 2258 971 2306 45

216 2319 275 2370 ‚Vim
293 2318 364 2385 spinae
378 2319 495 2383 novitque
513 2316 578 2373 sua,
598 2314 718 2379 versoque
734 2315 830 2380 supinus

217 2390 331 2456 Corpore
347 2391 395 2440 lina
411 2391 495 2448 secat,
513 2387 636 2453 sinumque
647 2388 773 2455 intercipit
788 2390 893 2440 hamum·

215 2479 861 2528 *eerererreerreeei

218 2536 310 2586 Cetera
326 2553 380 2603 quar
395 2538 478 2589 densas
494 2539 604 2588 habitant
619 2538 727 2587 animalia
743 2538 835 2598 silvas,

216 2609 269 2659 Aut
285 2610 341 2659 vani
356 2609 466 2675 quatiunt
481 2610 574 2678 semper
589 2613 713 2678 lymphata
727 2611 848 2678 draptes,
951 2668 960 2675 ,

216 2682 268 2732 Aut
286 2681 380 2730 trahit
372 2698 399 2730 in
413 2699 522 2749 praereps
537 2700 587 2733 uon
601 2684 656 2734 sana
669 2683 761 2733 ferocia
776 2681 874 2732 mentis.
942 2693 974 2743 50

217 2753 271 2820 lpsa
287 2752 354 2818 sequi
369 2752 461 2804 Natura
477 2768 587 2827 monet,
600 2758 641 2807 ves
660 2754 791 2809 comminus
808 2754 857 2803 ire.

216 2826 325 2893 impiger
340 2840 399 2875 ecce
415 2826 467 2876 Leo
482 2819 613 2880 uenantum
622 2813 734 2880 sieruere
749 2826 830 2894 pergit

217 2900 323 2967 Agmina
334 2930 342 2957 ,
354 2897 381 2949 dr
394 2898 503 2951 adversis
515 2901 588 2952 insert
600 2891 643 2956 sua
659 2891 757 2970 pediora
773 2900 847 2950 rediet

218 2970 326 3037 Quoque
342 2968 520 3028 venit,s1dens
534 2974 608 3040 magis
623 2976 650 3026 ὃι
666 2975 779 3025 sublatior
793 2956 873 3022 ardet.

221 3043 400 3111 concussitque
417 3055 506 3103 toros,
525 3045 551 3095 &
567 3046 655 3097 viribus
672 3045 786 3097 addidit
779 3062 846 3110 tram.
941 3058 972 3106 55

220 3114 369 3169 Prodidit·
360 3152 370 3181 ,
389 3130 462 3186 atque
479 3117 523 3198 suo
539 3133 655 3207 properat
669 3120 714 3171 sibi
729 3120 921 3241 roboreNietum.

722 3197 726 3205 ,
856 3205 883 3253 ¹¹1
