2392 3892
552 1038 1042 1153 ovl1>11
1113 1069 1737 1155 NASONIS

787 1265 871 1332 D
926 1266 986 1329 E
1085 1263 1157 1328 A
1212 1265 1278 1329 R
1329 1263 1499 1330 TE

511 1459 1776 1581 AMAND}

617 1688 1023 1757 LIBER
1117 1689 1658 1798 PRIMUS.

447 1826 553 1943 St
589 1889 694 1957 quis
729 1890 776 1941 in
803 1893 900 1942 hoc
927 1906 1080 1943 artem
1110 1896 1295 1960 populo
1327 1910 1424 1945 non
1454 1892 1591 1943 novit
1622 1893 1845 1955 amandi,

502 1964 593 2013 Me
630 1967 760 2032 legat
792 1982 806 2015 ε
841 1966 892 2015 ὃ(
914 2000 928 2025 ,
963 1968 1088 2016 ἱεξὶο
1123 1971 1331 2017 carmine
1353 2001 1369 2027 ,
1409 1968 1574 2018 doftus
1604 1981 1751 2018 amet.

434 2034 554 2086 Arte
587 2038 695 2087 citae
731 2040 940 2104 veloque
975 2055 1102 2089 rates
1127 2072 1142 2097 ,
1178 2056 1409 2104 remoque
1441 2052 1699 2089 moventur
1724 2055 1740 2088 ε

503 2109 626 2160 Arte
659 2113 795 2161 leves
827 2127 995 2160 currus
1017 2145 1033 2169 ,
1071 2122 1174 2160 arte
1207 2112 1449 2177 regendus
1481 2111 1654 2160 Amor.

432 2181 661 2234 Curribus
678 2183 993 2233 Automedon
1013 2216 1028 2241 ‚
1053 2183 1293 2247 lentisque
1314 2194 1420 2231 erat
1438 2194 1578 2247 aptus
1597 2182 1824 2233 habenis:
1869 2196 1895 2244 5

500 2256 690 2324 Tiphys
720 2257 768 2305 in
803 2255 1053 2305 Haemonia
1088 2271 1250 2321 puppe
1284 2254 1657 2322 magister-erat.

427 2328 517 2379 Me
553 2332 726 2380 Venus
760 2328 993 2381 artificem
1023 2341 1201 2379 tenero
1233 2328 1453 2395 praefecit
1489 2327 1657 2377 Amori
1683 2343 1699 2378 ι

499 2402 688 2469 Tiphys
719 2403 770 2453 &
804 2402 1119 2454 Automedon
1153 2402 1285 2452 dicar
1320 2400 1513 2451 Amoris
1547 2417 1661 2469 ego,

427 2474 517 2523 Ille
552 2475 743 2539 quidem
773 2476 905 2527 ferus
940 2475 1007 2525 est
1030 2510 1044 2535 ,
1080 2476 1130 2525 &
1165 2476 1246 2541 qui
1278 2474 1392 2526 mihi
1425 2474 1546 2541 saepe
1581 2485 1858 2543 repugnett

498 2548 598 2596 Sed
634 2564 754 2612 puer
787 2548 852 2597 est
872 2566 890 2606 3
926 2562 1042 2598 aetas
1079 2550 1237 2598 mollis
1274 2549 1326 2598 &
1356 2560 1469 2614 apta
1503 2548 1626 2615 regi.
1870 2560 1935 2597 ιο

426 2618 722 2685 Phillyrides
755 2638 956 2684 puerum
986 2620 1166 2670 cithara
1198 2622 1407 2686 perfecit
1439 2621 1679 2669 Achillem
1701 2652 1719 2678 ,

496 2692 665 2756 Atque
698 2692 879 2739 animos
912 2692 1098 2756 placida
1127 2694 1348 2741 contudit
1380 2703 1485 2740 arte
1520 2692 1673 2741 feros.

427 2763 530 2828 Qui
563 2762 715 2813 toties
751 2762 907 2812 socios
930 2796 945 2820 ,
981 2764 1130 2813 toties
1168 2762 1403 2813 exterruit
1433 2761 1591 2814 hostes
1616 2778 1636 2820 3

501 2836 732 2886 Creditur
766 2835 994 2884 annosum
1026 2834 1314 2900 pertimuiffe
1348 2834 1527 2884 senem.

428 2908 564 2973 Quas
599 2909 784 2959 Hester
817 2909 1034 2958 sensurus
1068 2919 1173 2957 erat
1195 2941 1210 2966 ‚
1250 2907 1482 2972 poscente
1513 2905 1774 2976 magistro,
1867 2925 1929 2976 15

500 2982 798 3033 Verberibus
828 2982 967 3048 jussas
1000 2981 1205 3047 praebuit
1235 2981 1318 3030 ille
1352 2998 1537 3031 manus.

424 3052 643 3105 AEacidae
676 3055 858 3106 Chiron
881 3090 896 3115 ‚
938 3072 1034 3122 ego
1065 3055 1164 3105 sum
1193 3066 1467 3120 praeceptor
1500 3054 1731 3108 Amoris:

501 3125 666 3178 Saevus
696 3139 898 3199 uterque
931 3146 1054 3199 puer
1075 3162 1091 3191 ,
1127 3141 1266 3184 natus
1301 3140 1503 3196 uterque
1538 3129 1665 3182 Dea.

1652 3204 1671 3252 1
1699 3200 1748 3267 iij
