2392 3892
269 463 418 531 Lmen
442 460 507 529 m.
534 460 713 529 Esnc'u
742 465 819 532 VII.
847 464 919 556 183

218 580 326 633 Carmine
341 578 397 629 laesa
413 578 489 629 Ceres
505 577 608 629 sterilem
622 578 729 629 vanescit
745 580 770 630 in
786 581 903 633 hesbarnr

248 652 378 703 Deficiunt
390 651 442 701 laesi
457 654 561 701 carmine
577 652 651 702 fontis
668 667 757 719 aquae:

216 726 311 778 ilicibus
327 723 444 792 glandes,
462 736 606 790 cantataque
622 726 710 774 vitibus
727 742 773 775 uva

249 799 372 856 Decidit;
392 798 418 847 δι
435 797 502 846 nullo
518 814 588 863 poma
604 809 719 848 movente
735 799 834 852 cadunt.

217 870 280 937 Quid
295 882 363 922 vetat
381 870 407 919 δι
420 885 509 920 nervos
526 871 629 938 magicas
644 883 743 937 torpere
758 889 803 938 per
819 870 905 926 artes?
931 888 963 941 35

251 944 363 997 Forsitan
378 942 505 1008 impatiens
522 941 549 993 fit
564 945 626 995 latus
642 945 700 994 inde
715 962 804 996 meum.

215 1016 270 1069 Huc
286 1016 366 1083 pudor
382 1015 488 1066 accessit
502 1016 558 1066 sosii
575 1033 583 1068 r
601 1017 680 1083 pudor
696 1018 747 1085 ipse
763 1021 878 1072 nocebat.

250 1092 296 1141 llle
313 1089 361 1139 suit
374 1088 429 1137 vitii
445 1089 512 1139 causa
529 1090 632 1139 secunda
648 1091 705 1141 mei.
792 1122 797 1130 ·

179 1184 184 1192 ·
215 1162 249 1215 At
263 1164 358 1230 qualern
372 1161 424 1211 vidi
438 1159 530 1211 tantiam
545 1163 664 1231 tetigique
681 1166 805 1231 pueliam,

251 1236 293 1288 Sic
310 1235 382 1285 etiam
398 1233 481 1283 sunici
497 1236 602 1302 tangitur
616 1236 664 1301 ipsa
678 1238 736 1288 sui:
928 1252 966 1301 4ο

217 1308 282 1360 illius
295 1308 326 1359 ad
341 1306 429 1358 tastum
443 1305 527 1373 Pylius
542 1306 700 1372 juvenescere
717 1309 816 1376 possit,

251 1381 424 1447 Tithonosque
440 1380 508 1428 annis
523 1380 612 1429 sortior
628 1380 675 1429 esse
691 1381 747 1432 suis.

217 1453 277 1505 Hac
293 1454 352 1504 mihi
365 1451 523 1519 contigeratr
538 1452 578 1501 sed
594 1453 633 1502 vir
646 1469 695 1501 non
711 1454 814 1521 contigit
829 1454 873 1506 ilii.

252 1527 320 1592 Quas
338 1541 401 1575 nunc
417 1525 549 1592 concipiam
567 1541 611 1591 per
628 1542 691 1575 nova
706 1540 764 1577 vota
781 1528 891 1592 preces?

218 1598 299 1651 Credo
314 1600 389 1649 etiam
401 1613 521 1665 magnos,
536 1614 584 1664 quo
598 1599 647 1647 sum
662 1610 711 1647 tarn
724 1601 827 1666 turpiter
838 1602 913 1660 usus,
932 1615 966 1664 45

252 1673 365 1722 Muneris
381 1671 455 1720 oblati
470 1671 604 1737 poenituisi'e
617 1673 698 1722 Deos.

219 1745 340 1813 Optabam
358 1743 425 1794 certe
441 1744 537 1810 recipi3
558 1745 608 1794 sum
625 1760 710 1811 nempe
727 1758 862 1813 receptus:

253 1818 349 1869 Oscula·
359 1818 445 1875 serre·;
463 1818 508 1867 tuli
524 1832 531 1867 t
549 1818 670 1883 proximus
687 1816 755 1877 esset
774 1820 819 1869 fui.

220 1889 278 1956 Qud
293 1892 350 1941 mihi
359 1891 469 1941 'sortunae
485 1889 599 1941 tantum?
619 1889 666 1957 qud
683 1908 758 1959 regna
774 1893 825 1943 sine
839 1890 905 1944 usui

255 1964 323 2028 Quid
338 1964 383 2014 nisi
399 1962 492 2030 posiedi
506 1966 574 2014 dives
590 1982 675 2016 avarus
692 1965 775 2032 opes?
816 2023 820 2032 Ι
937 1980 972 2029 50

180 2066 182 2072 ·
219 2037 259 2088 Sic
275 2049 327 2087 aret
341 2038 425 2087 mediis
442 2037 511 2087 taciti
525 2039 637 2104 vulgator
652 2039 676 2087 in
690 2039 759 2089 undis
771 2055 781 2096 3

254 2109 395 2177 Pomaque,
413 2127 465 2174 quae
480 2110 546 2158 nullo
563 2122 673 2174 tempore
691 2122 793 2176 tangat,
808 2110 893 2163 habet.

218 2184 241 2233 A
258 2184 342 2233 teneri
357 2184 481 2249 quisquam
496 2183 530 2230 sic
548 2182 622 2248 surgit
636 2198 705 2231 mane
722 2181 822 2246 puella,

255 2254 368 2307 Protinus
385 2267 413 2304 ut
429 2254 519 2304 sanstus
535 2255 614 2320 possit
630 2254 697 2304 adire
714 2254 795 2303 Deos.

220 2329 268 2381 Sed
280 2346 329 2378 non
339 2328 443 2386 blanda,
462 2339 542 2394 puto,
559 2344 608 2376 non
619 2328 709 2394 optima
720 2326 825 2393 perdidit
834 2325 859 2377 in
868 2342 908 2378 me
938 2341 951 2391 5
957 2341 970 2391 5

257 2402 369 2454 Oscula:
386 2417 437 2451 nnn
452 2401 517 2451 omni
535 2401 663 2451 solicitavit
679 2416 737 2466 ope.

218 2475 263 2528 illa
281 2491 367 2542 graves
382 2475 461 2540 potuit
479 2491 603 2541 quercus,
620 2474 792 2541 adamantaque
809 2473 915 2532 durum,

258 2548 382 2614 Surdaque
396 2548 515 2597 blanditiis
532 2548 586 2598 saxa
603 2564 702 2598 movere
719 2548 774 2598 suis.

219 2622 303 2687 Digna
319 2637 419 2669 movere
436 2622 483 2670 suit
499 2620 565 2670 cersi
582 2622 702 2687 vivosque
718 2622 854 2685 virosque:

257 2692 306 2740 Sed
322 2707 399 2757 neque
415 2703 466 2741 tum
480 2693 550 2749 vixis
568 2709 614 2741 nec
629 2694 686 2749 vir,
704 2703 732 2741 ut
748 2705 824 2747 aute,
843 2689 886 2739 sui.
938 2688 974 2741 60

220 2764 290 2831 Quid
305 2762 394 2827 juvet,
414 2763 444 2810 ad
459 2764 538 2813 surdas
554 2764 576 2814 si
592 2775 675 2816 cantu
689 2762 800 2815 Phemius
817 2759 911 2812 aures?

259 2837 325 2903 Quid
342 2837 450 2886 miserum
467 2835 605 2902 Thamyran
620 2835 683 2900 pidia
698 2836 787 2885 tabella
801 2833 894 2900 juvet?

222 2911 256 2962 At
274 2929 326 2978 quae
341 2927 390 2961 non
407 2908 480 2960 taciti
498 2908 598 2958 formavi
616 2907 701 2974 gaudia
718 2908 819 2961 mente!

261 2984 329 3047 Quos
347 3002 394 3053 ego
411 3000 462 3033 non
475 2980 533 3032 finxi
550 2981 698 3048 disposuique
709 2981 819 3048 modos!

225 3056 309 3107 Nostra
319 3057 506 3128 tamenjacuere
518 3090 525 3113 ,
540 3058 608 3105 velut
619 3067 760 3121 praesnortua
771 3091 781 3115 ‚
797 3057 902 3112 membra
938 3055 971 3119 65

261 3128 395 3198 Turpiter,
412 3129 520 3182 hesterni
537 3129 685 3199 languidiora
700 3128 769 3185 rosa.
1059 3125 1062 3132 ’
