2392 3892
213 528 945 615 wma-

268 704 513 793 OVIDII
557 706 873 796 NASONIS.

360 996 362 1000 y
390 889 431 956 D
458 892 489 955 E
538 890 574 956 A
601 889 634 957 R
660 888 746 958 TE

250 1064 884 1189 nulnum

296 1280 489 1351 uranu
539 1281 838 1357 rnurrvs.
944 1263 946 1268 '

217 1390 363 1510 *Quint
375 1452 430 1502 dedi
441 1451 535 1504 Danais
544 1452 569 1503 in
579 1455 735 1507 Amazonas:
748 1473 812 1507 arma
823 1457 966 1526 supersunt,
1001 1488 1007 1493 ·

251 1527 316 1591 Quae
329 1526 373 1575 tibi
389 1525 459 1583 dem,
475 1527 500 1575 dt
514 1539 618 1585 turmae,
635 1527 804 1589 Penthesilea,
820 1543 877 1583 tuae.

216 1600 253 1650 lte
267 1599 294 1649 in
309 1598 373 1647 bella
389 1615 458 1663 pares
473 1615 481 1649 ι
497 1600 614 1658 vincant,
632 1602 716 1667 quibus
732 1604 793 1652 alma
807 1604 889 1657 Dione

252 1671 369 1729 Faverit,
388 1672 430 1729 &,
448 1684 503 1722 toto
518 1674 559 1739 qui
573 1674 641 1723 volat
656 1674 733 1733 orbe,
750 1675 822 1726 Puer.

216 1746 272 1815 Non
288 1755 341 1794 erat
351 1745 444 1794 armaris
460 1743 713 1811 aequum'concurrere
727 1749 822 1800 nudas:
934 1768 948 1819 5

251 1819 292 1867 Sic
308 1818 382 1867 etiam
399 1819 467 1868 vobis
485 1818 582 1869 vincere
598 1831 689 1888 turpe,
705 1822 760 1873 viri.

217 1890 315 1941 Dixerit
330 1906 344 1940 e
360 1892 440 1941 multis
456 1891 556 1959 aliquis,
575 1891 641 1956 Quid
656 1895 721 1945 virus
737 1896 762 1946 in
776 1913 878 1965 anguem

252 1962 368 2030 Adjicis?
387 1965 413 2014 ὃ(
429 1966 515 2014 rabidae
529 1967 603 2017 tradis
618 1968 683 2019 ovile
696 1968 782 2035 lupae?

206 2038 313 2089 ‘Parcite
329 2054 457 2105 paucarum
474 2036 607 2088 diffundere
626 2041 715 2089 crimen
730 2043 756 2090 in
773 2058 867 2095 omnes.

254 2114 382 2182 Spedletur
396 2111 488 2161 meritis
503 2126 605 2176 quaeque
622 2113 704 2174 puella
720 2112 775 2161 suis.
937 2130 969 2168 10

217 2192 244 2252 Si
259 2188 337 2249 miuqr
352 2186 449 2236 Atrides
466 2182 598 2240 Helenen,
617 2181 775 2250 Helenesque
791 2183 898 2246 sorerem

255 2261 315 2325 Quo
330 2270 424 2328 premat
439 2255 536 2306 Atrides
553 2254 651 2303 crimine
668 2254 745 2321 major
761 2256 835 2307 habet
844 2273 855 2317 ;

217 2338 242 2389 Si
259 2336 351 2385 scelere
367 2330 472 2381 (Eclides
489 2326 621 2377 Talaioniae
636 2327 763 2395 Eriphyles

254 2409 354 2464 Vivus,
374 2406 399 2455 δι
414 2405 439 2453 in
455 2400 515 2453 vivis
532 2401 562 2450 ad
575 2400 652 2469 Styga
668 2402 736 2452 venit
752 2400 820 2468 equis
831 2417 856 2462 ς·

218 2482 257 2533 Est
274 2481 315 2546 pia
331 2478 473 2543 Penelope,
487 2474 565 2525 lustris
580 2488 676 2526 errante
692 2476 805 2536 duobus,
937 2492 967 2541 15

256 2555 289 2605 Et
304 2551 406 2602 totidem
420 2548 495 2599 lustris
509 2549 574 2599 bella
591 2562 711 2616 gerente,
729 2550 799 2599 viro,

217 2626 322 2691 Respice
339 2623 514 2689 Phyllaciden5
531 2621 558 2671 &
571 2638 624 2687 quae
639 2638 721 2671 comes
736 2622 776 2671 ilie
794 2618 881 2669 marito

256 2700 364 2752 Fertur,
381 2695 406 2743 &
421 2704 477 2742 ante
493 2708 568 2741 annos
585 2691 720 2742 occubuifl'e
737 2691 801 2741 suos.

217 2776 278 2829 Pata
292 2765 443 2819 Pheretiadae
460 2763 549 2829 conjux
562 2762 671 2831 Pagasaea
686 2762 809 2813 redemit:

257 2846 354 2909 Proque
371 2840 404 2890 sui
420 2836 452 2886 est
468 2852 531 2886 uxor
546 2836 632 2903 funere
646 2837 695 2885 lata
710 2834 764 2885 viri.
936 2858 972 2893 20

222 2919 315 2982 Accipe
331 2932 387 2973 me,
406 2911 540 2975 Capaneu3
559 2907 652 2959 cineres
667 2907 835 2969 miscebimus,
852 2908 928 2980 inquit

260 2990 338 3056 Iphias
356 3004 362 3038 τ
379 2988 403 3037 in
420 2983 512 3035 medios
528 2982 673 3049 desiluitque
689 2999 772 3050 rogos.

223 3064 275 3131 Ipsa
291 3078 385 3127 quoque
402 3060 427 3111 ὅ(
443 3060 509 3108 cultu
524 3055 557 3107 esi
572 3056 597 3106 dr
612 3056 709 3106 nomine
723 3056 811 3107 femina
821 3056 927 3113 Virtus:

254 3137 319 3187 Non
333 3136 435 3191 mirum,
453 3133 544 3201 populo
560 3131 580 3184 si
596 3130 663 3184 favet
676 3130 718 3183 illa
732 3130 783 3184 suu.

292 3206 376 3258 Tomus
393 3206 417 3258 Ι.
790 3255 801 3266 Ι
870 3203 893 3265 L
