<?xml version="1.0" encoding="UTF-8"?>
<!DOCTYPE html PUBLIC "-//W3C//DTD XHTML 1.0 Transitional//EN"
    "http://www.w3.org/TR/xhtml1/DTD/xhtml1-transitional.dtd">
<html xmlns="http://www.w3.org/1999/xhtml" xml:lang="en" lang="en">
 <head>
  <title>
</title>
<meta http-equiv="Content-Type" content="text/html;charset=utf-8" />
  <meta name='ocr-system' content='tesseract 3.04.00' />
  <meta name='ocr-capabilities' content='ocr_page ocr_carea ocr_par ocr_line ocrx_word'/>
</head>
<body>
  <div class='ocr_page' id='page_1' title='image "./povidiinasoniso00heingoog_0224.png"; bbox 0 0 2392 3892; ppageno 0'>
   <div class='ocr_carea' id='block_1_1' title="bbox 274 450 921 544">
    <p class='ocr_par' dir='ltr' id='par_1_1' title="bbox 274 450 921 544">
     <span class='ocr_line' id='line_1_1' title="bbox 274 450 921 544; baseline 0.002 -22"><span class='ocrx_word' id='word_1_1' title='bbox 274 469 334 522; x_wconf 80' lang='lat' dir='ltr'>na</span> <span class='ocrx_word' id='word_1_2' title='bbox 359 451 478 526; x_wconf 73' lang='lat' dir='ltr'>Anto</span> <span class='ocrx_word' id='word_1_3' title='bbox 503 450 696 519; x_wconf 62' lang='lat' dir='ltr'>Aurum</span> <span class='ocrx_word' id='word_1_4' title='bbox 722 451 760 518; x_wconf 88' lang='lat' dir='ltr'>L.</span> <span class='ocrx_word' id='word_1_5' title='bbox 786 451 816 520; x_wconf 89' lang='lat' dir='ltr'>I.</span> <span class='ocrx_word' id='word_1_6' title='bbox 843 472 921 544; x_wconf 90' lang='lat'>207</span> 
     </span>
    </p>
   </div>
   <div class='ocr_carea' id='block_1_2' title="bbox 167 567 992 3191">
    <p class='ocr_par' dir='ltr' id='par_1_2' title="bbox 167 567 992 3191">
     <span class='ocr_line' id='line_1_2' title="bbox 214 567 880 642; baseline -0.003 -19"><span class='ocrx_word' id='word_1_7' title='bbox 214 575 276 642; x_wconf 75' lang='lat' dir='ltr'>Ergo</span> <span class='ocrx_word' id='word_1_8' title='bbox 290 589 355 641; x_wconf 83' lang='lat' dir='ltr'>age,</span> <span class='ocrx_word' id='word_1_9' title='bbox 372 586 403 620; x_wconf 92' lang='lat' dir='ltr'>ne</span> <span class='ocrx_word' id='word_1_10' title='bbox 419 569 502 618; x_wconf 87' lang='lat' dir='ltr'>dubita</span> <span class='ocrx_word' id='word_1_11' title='bbox 517 567 613 618; x_wconf 66' lang='lat' dir='ltr'>cunnus</span> <span class='ocrx_word' id='word_1_12' title='bbox 627 567 738 633; x_wconf 88' lang='lat' dir='ltr'>superare</span> <span class='ocrx_word' id='word_1_13' title='bbox 754 572 856 635; x_wconf 77' lang='lat' dir='ltr'>puellas.</span> <span class='ocrx_word' id='word_1_14' title='bbox 878 579 880 583; x_wconf 83' lang='grc'>’</span> 
     </span>
     <span class='ocr_line' id='line_1_3' title="bbox 246 642 774 707; baseline -0.008 -10"><span class='ocrx_word' id='word_1_15' title='bbox 246 645 357 698; x_wconf 81' lang='lat' dir='ltr'>vixerit</span> <span class='ocrx_word' id='word_1_16' title='bbox 372 660 386 693; x_wconf 89' lang='lat' dir='ltr'>e</span> <span class='ocrx_word' id='word_1_17' title='bbox 401 642 483 691; x_wconf 87' lang='lat' dir='ltr'>multis</span> <span class='ocrx_word' id='word_1_18' title='bbox 498 659 552 707; x_wconf 84' lang='lat' dir='ltr'>quae</span> <span class='ocrx_word' id='word_1_19' title='bbox 569 654 644 707; x_wconf 88' lang='lat' dir='ltr'>neget</span> <span class='ocrx_word' id='word_1_20' title='bbox 659 659 705 690; x_wconf 89' lang='lat' dir='ltr'>una</span> <span class='ocrx_word' id='word_1_21' title='bbox 722 644 774 693; x_wconf 83' lang='lat' dir='ltr'>tibi.</span> 
     </span>
     <span class='ocr_line' id='line_1_4' title="bbox 213 714 981 787; baseline -0.001 -17"><span class='ocrx_word' id='word_1_22' title='bbox 213 721 345 787; x_wconf 80' lang='lat' dir='ltr'>Quaedant,</span> <span class='ocrx_word' id='word_1_23' title='bbox 354 730 456 783; x_wconf 82' lang='lat' dir='ltr'>quaeque</span> <span class='ocrx_word' id='word_1_24' title='bbox 465 726 565 781; x_wconf 82' lang='lat' dir='ltr'>negant,</span> <span class='ocrx_word' id='word_1_25' title='bbox 573 714 679 781; x_wconf 82' lang='lat' dir='ltr'>gaudent</span> <span class='ocrx_word' id='word_1_26' title='bbox 688 716 981 785; x_wconf 74' lang='lat' dir='ltr'>tamenefferogarae:345</span> 
     </span>
     <span class='ocr_line' id='line_1_5' title="bbox 246 783 767 859; baseline -0.01 -16"><span class='ocrx_word' id='word_1_27' title='bbox 246 783 283 843; x_wconf 81' lang='lat' dir='ltr'>Ut</span> <span class='ocrx_word' id='word_1_28' title='bbox 298 791 345 859; x_wconf 79' lang='lat' dir='ltr'>jana</span> <span class='ocrx_word' id='word_1_29' title='bbox 360 788 470 846; x_wconf 81' lang='lat' dir='ltr'>fallaris,</span> <span class='ocrx_word' id='word_1_30' title='bbox 487 800 539 844; x_wconf 88' lang='lat' dir='ltr'>tuta</span> <span class='ocrx_word' id='word_1_31' title='bbox 556 787 649 854; x_wconf 83' lang='lat' dir='ltr'>repulsa</span> <span class='ocrx_word' id='word_1_32' title='bbox 665 800 707 836; x_wconf 88' lang='lat' dir='ltr'>tua</span> <span class='ocrx_word' id='word_1_33' title='bbox 724 788 767 838; x_wconf 87' lang='lat' dir='ltr'>esi.</span> 
     </span>
     <span class='ocr_line' id='line_1_6' title="bbox 181 859 868 930; baseline -0.006 -13"><span class='ocrx_word' id='word_1_34' title='bbox 181 881 184 887; x_wconf 86' lang='lat'>&#39;</span> <span class='ocrx_word' id='word_1_35' title='bbox 214 866 261 918; x_wconf 83' lang='lat' dir='ltr'>Sed</span> <span class='ocrx_word' id='word_1_36' title='bbox 275 882 319 915; x_wconf 89' lang='lat' dir='ltr'>cur</span> <span class='ocrx_word' id='word_1_37' title='bbox 335 862 442 921; x_wconf 82' lang='lat' dir='ltr'>fallaris,</span> <span class='ocrx_word' id='word_1_38' title='bbox 459 859 512 910; x_wconf 85' lang='lat' dir='ltr'>cdm</span> <span class='ocrx_word' id='word_1_39' title='bbox 527 860 558 910; x_wconf 88' lang='lat' dir='ltr'>sit</span> <span class='ocrx_word' id='word_1_40' title='bbox 571 878 635 910; x_wconf 88' lang='lat' dir='ltr'>nova</span> <span class='ocrx_word' id='word_1_41' title='bbox 651 874 719 928; x_wconf 83' lang='lat' dir='ltr'>grata</span> <span class='ocrx_word' id='word_1_42' title='bbox 733 860 868 930; x_wconf 76' lang='lat' dir='ltr'>voluptas?</span> 
     </span>
     <span class='ocr_line' id='line_1_7' title="bbox 249 933 754 1002; baseline -0.006 -13"><span class='ocrx_word' id='word_1_43' title='bbox 249 939 280 988; x_wconf 87' lang='lat' dir='ltr'>Et</span> <span class='ocrx_word' id='word_1_44' title='bbox 297 936 392 1002; x_wconf 90' lang='lat' dir='ltr'>capiant</span> <span class='ocrx_word' id='word_1_45' title='bbox 407 935 499 984; x_wconf 86' lang='lat' dir='ltr'>animos</span> <span class='ocrx_word' id='word_1_46' title='bbox 515 935 568 998; x_wconf 83' lang='lat' dir='ltr'>plus</span> <span class='ocrx_word' id='word_1_47' title='bbox 583 933 661 984; x_wconf 88' lang='lat' dir='ltr'>aliena</span> <span class='ocrx_word' id='word_1_48' title='bbox 678 933 754 985; x_wconf 84' lang='lat' dir='ltr'>suos?</span> 
     </span>
     <span class='ocr_line' id='line_1_8' title="bbox 214 1006 806 1076; baseline -0.007 -13"><span class='ocrx_word' id='word_1_49' title='bbox 214 1012 325 1063; x_wconf 82' lang='lat' dir='ltr'>Fertilior</span> <span class='ocrx_word' id='word_1_50' title='bbox 341 1008 410 1075; x_wconf 84' lang='lat' dir='ltr'>seges</span> <span class='ocrx_word' id='word_1_51' title='bbox 426 1008 459 1057; x_wconf 86' lang='lat' dir='ltr'>eil</span> <span class='ocrx_word' id='word_1_52' title='bbox 476 1006 559 1057; x_wconf 89' lang='lat' dir='ltr'>alienis</span> <span class='ocrx_word' id='word_1_53' title='bbox 574 1007 668 1074; x_wconf 84' lang='lat' dir='ltr'>semper</span> <span class='ocrx_word' id='word_1_54' title='bbox 682 1007 707 1057; x_wconf 91' lang='lat' dir='ltr'>in</span> <span class='ocrx_word' id='word_1_55' title='bbox 723 1008 806 1076; x_wconf 84' lang='lat' dir='ltr'>agris,</span> 
     </span>
     <span class='ocr_line' id='line_1_9' title="bbox 214 1080 986 1154; baseline -0.001 -19"><span class='ocrx_word' id='word_1_56' title='bbox 214 1081 217 1085; x_wconf 72' lang='grc'><strong>’</strong></span> <span class='ocrx_word' id='word_1_57' title='bbox 247 1084 411 1147; x_wconf 84' lang='lat' dir='ltr'>Vicinumque</span> <span class='ocrx_word' id='word_1_58' title='bbox 429 1096 503 1146; x_wconf 87' lang='lat' dir='ltr'>pecus</span> <span class='ocrx_word' id='word_1_59' title='bbox 521 1080 632 1147; x_wconf 80' lang='lat' dir='ltr'><strong>grandius</strong></span> <span class='ocrx_word' id='word_1_60' title='bbox 647 1084 708 1132; x_wconf 88' lang='lat' dir='ltr'>uber</span> <span class='ocrx_word' id='word_1_61' title='bbox 724 1084 809 1135; x_wconf 86' lang='lat' dir='ltr'>habet.</span> <span class='ocrx_word' id='word_1_62' title='bbox 931 1090 946 1154; x_wconf 75' lang='lat'>3</span> <span class='ocrx_word' id='word_1_63' title='bbox 952 1097 986 1147; x_wconf 86' lang='lat'>50</span> 
     </span>
     <span class='ocr_line' id='line_1_10' title="bbox 215 1155 796 1223; baseline -0.002 -16"><span class='ocrx_word' id='word_1_64' title='bbox 215 1156 262 1207; x_wconf 87' lang='lat' dir='ltr'>Sed</span> <span class='ocrx_word' id='word_1_65' title='bbox 278 1156 344 1223; x_wconf 87' lang='lat' dir='ltr'>prius</span> <span class='ocrx_word' id='word_1_66' title='bbox 361 1155 470 1203; x_wconf 83' lang='lat' dir='ltr'><strong>ancillam</strong></span> <span class='ocrx_word' id='word_1_67' title='bbox 486 1155 610 1218; x_wconf 81' lang='lat' dir='ltr'>captandae</span> <span class='ocrx_word' id='word_1_68' title='bbox 627 1155 691 1205; x_wconf 86' lang='lat' dir='ltr'>nolle</span> <span class='ocrx_word' id='word_1_69' title='bbox 708 1158 796 1221; x_wconf 72' lang='lat' dir='ltr'>puelle</span> 
     </span>
     <span class='ocr_line' id='line_1_11' title="bbox 167 1226 749 1280; baseline 0 -1"><span class='ocrx_word' id='word_1_70' title='bbox 167 1259 170 1266; x_wconf 94' lang='lat'>·</span> <span class='ocrx_word' id='word_1_71' title='bbox 250 1229 316 1279; x_wconf 88' lang='lat' dir='ltr'>Cura</span> <span class='ocrx_word' id='word_1_72' title='bbox 329 1229 361 1278; x_wconf 91' lang='lat' dir='ltr'>sit</span> <span class='ocrx_word' id='word_1_73' title='bbox 376 1244 383 1277; x_wconf 78' lang='lat' dir='ltr'>t</span> <span class='ocrx_word' id='word_1_74' title='bbox 400 1226 504 1276; x_wconf 80' lang='lat' dir='ltr'>accelsus</span> <span class='ocrx_word' id='word_1_75' title='bbox 521 1227 614 1275; x_wconf 87' lang='lat' dir='ltr'>molliat</span> <span class='ocrx_word' id='word_1_76' title='bbox 628 1228 668 1276; x_wconf 85' lang='lat' dir='ltr'>illa</span> <span class='ocrx_word' id='word_1_77' title='bbox 683 1241 749 1280; x_wconf 83' lang='lat' dir='ltr'>tuos.</span> 
     </span>
     <span class='ocr_line' id='line_1_12' title="bbox 216 1298 853 1359; baseline 0.003 -6"><span class='ocrx_word' id='word_1_78' title='bbox 216 1299 326 1353; x_wconf 82' lang='lat' dir='ltr'>Proxima</span> <span class='ocrx_word' id='word_1_79' title='bbox 344 1301 449 1350; x_wconf 86' lang='lat' dir='ltr'>consiliis</span> <span class='ocrx_word' id='word_1_80' title='bbox 466 1299 568 1348; x_wconf 86' lang='lat' dir='ltr'>dominae</span> <span class='ocrx_word' id='word_1_81' title='bbox 586 1298 617 1347; x_wconf 90' lang='lat' dir='ltr'>sit</span> <span class='ocrx_word' id='word_1_82' title='bbox 630 1312 658 1349; x_wconf 93' lang='lat' dir='ltr'>ut</span> <span class='ocrx_word' id='word_1_83' title='bbox 673 1301 732 1359; x_wconf 89' lang='lat' dir='ltr'>illa,</span> <span class='ocrx_word' id='word_1_84' title='bbox 749 1301 853 1354; x_wconf 81' lang='lat' dir='ltr'>videto:</span> 
     </span>
     <span class='ocr_line' id='line_1_13' title="bbox 251 1370 777 1439; baseline -0.008 -13"><span class='ocrx_word' id='word_1_85' title='bbox 251 1377 323 1426; x_wconf 77' lang='lat' dir='ltr'>Neue</span> <span class='ocrx_word' id='word_1_86' title='bbox 338 1390 421 1439; x_wconf 86' lang='lat' dir='ltr'>parum</span> <span class='ocrx_word' id='word_1_87' title='bbox 437 1372 516 1422; x_wconf 84' lang='lat' dir='ltr'>tacitis</span> <span class='ocrx_word' id='word_1_88' title='bbox 534 1371 629 1420; x_wconf 89' lang='lat' dir='ltr'>conscia</span> <span class='ocrx_word' id='word_1_89' title='bbox 644 1370 690 1421; x_wconf 85' lang='lat' dir='ltr'>sida</span> <span class='ocrx_word' id='word_1_90' title='bbox 706 1373 777 1437; x_wconf 77' lang='lat' dir='ltr'>jocis.</span> 
     </span>
     <span class='ocr_line' id='line_1_14' title="bbox 215 1446 985 1512; baseline -0.008 -14"><span class='ocrx_word' id='word_1_91' title='bbox 215 1447 285 1498; x_wconf 87' lang='lat' dir='ltr'>Hanc</span> <span class='ocrx_word' id='word_1_92' title='bbox 301 1460 328 1497; x_wconf 91' lang='lat' dir='ltr'>tu</span> <span class='ocrx_word' id='word_1_93' title='bbox 342 1446 475 1512; x_wconf 81' lang='lat' dir='ltr'>pollicitis,</span> <span class='ocrx_word' id='word_1_94' title='bbox 494 1446 556 1493; x_wconf 91' lang='lat' dir='ltr'>hanc</span> <span class='ocrx_word' id='word_1_95' title='bbox 570 1456 597 1493; x_wconf 90' lang='lat' dir='ltr'>tu</span> <span class='ocrx_word' id='word_1_96' title='bbox 615 1460 742 1510; x_wconf 84' lang='lat' dir='ltr'>corrumpe</span> <span class='ocrx_word' id='word_1_97' title='bbox 758 1446 877 1511; x_wconf 81' lang='lat' dir='ltr'>rogando.</span> <span class='ocrx_word' id='word_1_98' title='bbox 934 1459 947 1510; x_wconf 83' lang='lat'>3</span> <span class='ocrx_word' id='word_1_99' title='bbox 955 1461 965 1509; x_wconf 85' lang='lat'><em>5</em></span> <span class='ocrx_word' id='word_1_100' title='bbox 972 1460 985 1509; x_wconf 86' lang='lat'>5</span> 
     </span>
     <span class='ocr_line' id='line_1_15' title="bbox 252 1518 853 1586; baseline -0.002 -16"><span class='ocrx_word' id='word_1_101' title='bbox 252 1520 328 1586; x_wconf 83' lang='lat' dir='ltr'>Quod</span> <span class='ocrx_word' id='word_1_102' title='bbox 344 1521 426 1585; x_wconf 92' lang='lat' dir='ltr'>petis,</span> <span class='ocrx_word' id='word_1_103' title='bbox 444 1536 458 1568; x_wconf 94' lang='lat' dir='ltr'>e</span> <span class='ocrx_word' id='word_1_104' title='bbox 475 1518 558 1576; x_wconf 86' lang='lat' dir='ltr'>facili,</span> <span class='ocrx_word' id='word_1_105' title='bbox 578 1518 598 1566; x_wconf 86' lang='lat' dir='ltr'>si</span> <span class='ocrx_word' id='word_1_106' title='bbox 614 1519 683 1567; x_wconf 89' lang='lat' dir='ltr'>volet</span> <span class='ocrx_word' id='word_1_107' title='bbox 699 1518 759 1575; x_wconf 84' lang='lat' dir='ltr'>illa,</span> <span class='ocrx_word' id='word_1_108' title='bbox 778 1518 853 1569; x_wconf 87' lang='lat' dir='ltr'>seres.</span> 
     </span>
     <span class='ocr_line' id='line_1_16' title="bbox 215 1590 950 1661; baseline -0.007 -17"><span class='ocrx_word' id='word_1_109' title='bbox 215 1595 259 1645; x_wconf 87' lang='lat' dir='ltr'>llla</span> <span class='ocrx_word' id='word_1_110' title='bbox 269 1596 335 1661; x_wconf 84' lang='lat' dir='ltr'>legat</span> <span class='ocrx_word' id='word_1_111' title='bbox 345 1606 439 1658; x_wconf 87' lang='lat' dir='ltr'>tempus</span> <span class='ocrx_word' id='word_1_112' title='bbox 449 1625 457 1650; x_wconf 92' lang='lat'>,</span> <span class='ocrx_word' id='word_1_113' title='bbox 471 1590 482 1655; x_wconf 91' lang='lat'>(</span> <span class='ocrx_word' id='word_1_114' title='bbox 492 1591 579 1640; x_wconf 88' lang='lat' dir='ltr'>medici</span> <span class='ocrx_word' id='word_1_115' title='bbox 590 1608 687 1657; x_wconf 89' lang='lat' dir='ltr'>quoque</span> <span class='ocrx_word' id='word_1_116' title='bbox 697 1604 807 1657; x_wconf 85' lang='lat' dir='ltr'>tempora</span> <span class='ocrx_word' id='word_1_117' title='bbox 818 1592 913 1642; x_wconf 83' lang='lat' dir='ltr'>servant</span> <span class='ocrx_word' id='word_1_118' title='bbox 922 1592 950 1659; x_wconf 95' lang='lat'>,)</span> 
     </span>
     <span class='ocr_line' id='line_1_17' title="bbox 252 1664 865 1731; baseline -0.005 -15"><span class='ocrx_word' id='word_1_119' title='bbox 252 1667 311 1729; x_wconf 85' lang='lat' dir='ltr'>Quo</span> <span class='ocrx_word' id='word_1_120' title='bbox 327 1666 404 1715; x_wconf 79' lang='lat' dir='ltr'>sacilit</span> <span class='ocrx_word' id='word_1_121' title='bbox 421 1664 522 1714; x_wconf 79' lang='lat' dir='ltr'>dominae</span> <span class='ocrx_word' id='word_1_122' title='bbox 537 1682 604 1715; x_wconf 88' lang='lat' dir='ltr'>mens</span> <span class='ocrx_word' id='word_1_123' title='bbox 621 1666 671 1721; x_wconf 87' lang='lat' dir='ltr'>sit,</span> <span class='ocrx_word' id='word_1_124' title='bbox 691 1666 717 1715; x_wconf 71' lang='grc' dir='ltr'>ἃ</span> <span class='ocrx_word' id='word_1_125' title='bbox 733 1677 788 1731; x_wconf 89' lang='lat' dir='ltr'>apta</span> <span class='ocrx_word' id='word_1_126' title='bbox 803 1666 865 1731; x_wconf 88' lang='lat' dir='ltr'>capi.</span> 
     </span>
     <span class='ocr_line' id='line_1_18' title="bbox 216 1736 908 1803; baseline -0.003 -13"><span class='ocrx_word' id='word_1_127' title='bbox 216 1739 295 1790; x_wconf 80' lang='lat' dir='ltr'>Mens</span> <span class='ocrx_word' id='word_1_128' title='bbox 305 1739 352 1789; x_wconf 79' lang='lat' dir='ltr'>erit</span> <span class='ocrx_word' id='word_1_129' title='bbox 367 1752 422 1803; x_wconf 88' lang='lat' dir='ltr'>apta</span> <span class='ocrx_word' id='word_1_130' title='bbox 439 1739 491 1803; x_wconf 90' lang='lat' dir='ltr'>capi</span> <span class='ocrx_word' id='word_1_131' title='bbox 507 1750 584 1796; x_wconf 89' lang='lat' dir='ltr'>tunc,</span> <span class='ocrx_word' id='word_1_132' title='bbox 603 1736 655 1786; x_wconf 79' lang='lat' dir='ltr'>crim</span> <span class='ocrx_word' id='word_1_133' title='bbox 673 1740 908 1798; x_wconf 68' lang='lat' dir='ltr'>latissimarum,</span> 
     </span>
     <span class='ocr_line' id='line_1_19' title="bbox 252 1808 989 1877; baseline 0.004 -18"><span class='ocrx_word' id='word_1_134' title='bbox 252 1810 288 1861; x_wconf 91' lang='lat' dir='ltr'>Ut</span> <span class='ocrx_word' id='word_1_135' title='bbox 304 1811 371 1877; x_wconf 81' lang='lat' dir='ltr'>seges</span> <span class='ocrx_word' id='word_1_136' title='bbox 387 1812 411 1860; x_wconf 91' lang='lat' dir='ltr'>in</span> <span class='ocrx_word' id='word_1_137' title='bbox 427 1811 526 1877; x_wconf 86' lang='lat' dir='ltr'>pingui,</span> <span class='ocrx_word' id='word_1_138' title='bbox 543 1810 688 1871; x_wconf 74' lang='lat' dir='ltr'>luxuriabit,</span> <span class='ocrx_word' id='word_1_139' title='bbox 705 1813 788 1862; x_wconf 83' lang='lat' dir='ltr'>humo.</span> <span class='ocrx_word' id='word_1_140' title='bbox 935 1808 989 1877; x_wconf 85' lang='lat'>360</span> 
     </span>
     <span class='ocr_line' id='line_1_20' title="bbox 217 1884 890 1951; baseline 0 -15"><span class='ocrx_word' id='word_1_141' title='bbox 217 1884 317 1936; x_wconf 68' lang='lat' dir='ltr'>Pedora</span> <span class='ocrx_word' id='word_1_142' title='bbox 332 1885 387 1934; x_wconf 86' lang='lat' dir='ltr'>dum</span> <span class='ocrx_word' id='word_1_143' title='bbox 404 1884 530 1951; x_wconf 83' lang='lat' dir='ltr'>gaudent,</span> <span class='ocrx_word' id='word_1_144' title='bbox 547 1902 592 1934; x_wconf 90' lang='lat' dir='ltr'>nec</span> <span class='ocrx_word' id='word_1_145' title='bbox 609 1885 662 1934; x_wconf 89' lang='lat' dir='ltr'>sunt</span> <span class='ocrx_word' id='word_1_146' title='bbox 678 1884 768 1935; x_wconf 71' lang='lat' dir='ltr'>astricta</span> <span class='ocrx_word' id='word_1_147' title='bbox 784 1887 890 1946; x_wconf 88' lang='lat' dir='ltr'>dolore,</span> 
     </span>
     <span class='ocr_line' id='line_1_21' title="bbox 253 1957 856 2023; baseline 0.003 -16"><span class='ocrx_word' id='word_1_148' title='bbox 253 1958 306 2023; x_wconf 86' lang='lat' dir='ltr'>Ipsa</span> <span class='ocrx_word' id='word_1_149' title='bbox 322 1969 405 2022; x_wconf 85' lang='lat' dir='ltr'>patent</span> <span class='ocrx_word' id='word_1_150' title='bbox 422 1973 430 2007; x_wconf 77' lang='lat' dir='ltr'>t</span> <span class='ocrx_word' id='word_1_151' title='bbox 446 1958 532 2007; x_wconf 75' lang='lat' dir='ltr'>blandi</span> <span class='ocrx_word' id='word_1_152' title='bbox 548 1971 598 2008; x_wconf 89' lang='lat' dir='ltr'>tum</span> <span class='ocrx_word' id='word_1_153' title='bbox 615 1957 677 2010; x_wconf 88' lang='lat' dir='ltr'>subit</span> <span class='ocrx_word' id='word_1_154' title='bbox 692 1973 744 2010; x_wconf 88' lang='lat' dir='ltr'>arte</span> <span class='ocrx_word' id='word_1_155' title='bbox 760 1961 856 2010; x_wconf 89' lang='lat' dir='ltr'>Venus.</span> 
     </span>
     <span class='ocr_line' id='line_1_22' title="bbox 217 2029 888 2089; baseline 0.003 -8"><span class='ocrx_word' id='word_1_156' title='bbox 217 2031 299 2089; x_wconf 85' lang='lat' dir='ltr'>Tum,</span> <span class='ocrx_word' id='word_1_157' title='bbox 318 2029 371 2080; x_wconf 81' lang='lat' dir='ltr'>edm</span> <span class='ocrx_word' id='word_1_158' title='bbox 386 2030 455 2082; x_wconf 89' lang='lat' dir='ltr'>tristis</span> <span class='ocrx_word' id='word_1_159' title='bbox 472 2043 542 2089; x_wconf 88' lang='lat' dir='ltr'>erat,</span> <span class='ocrx_word' id='word_1_160' title='bbox 560 2032 657 2081; x_wconf 87' lang='lat' dir='ltr'>defensa</span> <span class='ocrx_word' id='word_1_161' title='bbox 674 2032 707 2080; x_wconf 89' lang='lat' dir='ltr'>est</span> <span class='ocrx_word' id='word_1_162' title='bbox 724 2033 782 2081; x_wconf 90' lang='lat' dir='ltr'>llios</span> <span class='ocrx_word' id='word_1_163' title='bbox 797 2033 888 2083; x_wconf 81' lang='lat' dir='ltr'>armist</span> 
     </span>
     <span class='ocr_line' id='line_1_23' title="bbox 254 2103 804 2171; baseline -0.002 -18"><span class='ocrx_word' id='word_1_164' title='bbox 254 2103 372 2154; x_wconf 84' lang='lat' dir='ltr'>Militibus</span> <span class='ocrx_word' id='word_1_165' title='bbox 388 2104 510 2171; x_wconf 83' lang='lat' dir='ltr'>gravidum</span> <span class='ocrx_word' id='word_1_166' title='bbox 526 2105 580 2151; x_wconf 83' lang='lat' dir='ltr'>laeta</span> <span class='ocrx_word' id='word_1_167' title='bbox 597 2104 690 2167; x_wconf 90' lang='lat' dir='ltr'>recepit</span> <span class='ocrx_word' id='word_1_168' title='bbox 706 2119 804 2169; x_wconf 86' lang='lat' dir='ltr'>equum.</span> 
     </span>
     <span class='ocr_line' id='line_1_24' title="bbox 217 2167 988 2243; baseline 0 -17"><span class='ocrx_word' id='word_1_169' title='bbox 217 2176 281 2226; x_wconf 86' lang='lat' dir='ltr'>Tum</span> <span class='ocrx_word' id='word_1_170' title='bbox 291 2193 387 2243; x_wconf 89' lang='lat' dir='ltr'>quoque</span> <span class='ocrx_word' id='word_1_171' title='bbox 396 2176 509 2225; x_wconf 87' lang='lat' dir='ltr'>tentanda</span> <span class='ocrx_word' id='word_1_172' title='bbox 520 2174 568 2231; x_wconf 87' lang='lat' dir='ltr'>est,</span> <span class='ocrx_word' id='word_1_173' title='bbox 581 2174 634 2222; x_wconf 84' lang='lat' dir='ltr'>cdrn</span> <span class='ocrx_word' id='word_1_174' title='bbox 643 2175 732 2239; x_wconf 85' lang='lat' dir='ltr'>pellice</span> <span class='ocrx_word' id='word_1_175' title='bbox 742 2176 796 2224; x_wconf 76' lang='lat' dir='ltr'>lesa</span> <span class='ocrx_word' id='word_1_176' title='bbox 807 2175 916 2226; x_wconf 84' lang='lat' dir='ltr'>dolebit:</span> <span class='ocrx_word' id='word_1_177' title='bbox 936 2167 971 2240; x_wconf 80' lang='grc' dir='ltr'>Ι36</span> <span class='ocrx_word' id='word_1_178' title='bbox 975 2190 988 2241; x_wconf 83' lang='lat'><em>5</em></span> 
     </span>
     <span class='ocr_line' id='line_1_25' title="bbox 249 2246 927 2324; baseline -0.004 -25"><span class='ocrx_word' id='word_1_179' title='bbox 249 2250 319 2299; x_wconf 80' lang='lat' dir='ltr'>&#39;Turn</span> <span class='ocrx_word' id='word_1_180' title='bbox 335 2250 409 2299; x_wconf 76' lang='lat' dir='ltr'>iacies</span> <span class='ocrx_word' id='word_1_181' title='bbox 425 2247 517 2313; x_wconf 74' lang='lat' dir='ltr'>operi,</span> <span class='ocrx_word' id='word_1_182' title='bbox 535 2264 566 2295; x_wconf 91' lang='lat' dir='ltr'>ne</span> <span class='ocrx_word' id='word_1_183' title='bbox 580 2247 611 2297; x_wconf 87' lang='lat' dir='ltr'>sit</span> <span class='ocrx_word' id='word_1_184' title='bbox 627 2247 721 2303; x_wconf 91' lang='lat' dir='ltr'>inulta,</span> <span class='ocrx_word' id='word_1_185' title='bbox 739 2246 791 2299; x_wconf 77' lang='lat' dir='ltr'>tui.</span> <span class='ocrx_word' id='word_1_186' title='bbox 874 2298 885 2313; x_wconf 49' lang='lat'><strong>·</strong></span> <span class='ocrx_word' id='word_1_187' title='bbox 918 2298 927 2324; x_wconf 31' lang='grc' dir='ltr'>χ</span> 
     </span>
     <span class='ocr_line' id='line_1_26' title="bbox 218 2320 768 2387; baseline -0.002 -15"><span class='ocrx_word' id='word_1_188' title='bbox 218 2321 435 2373; x_wconf 80' lang='lat' dir='ltr'>Hancrnatutinos</span> <span class='ocrx_word' id='word_1_189' title='bbox 451 2320 549 2387; x_wconf 64' lang='lat' dir='ltr'>petiens</span> <span class='ocrx_word' id='word_1_190' title='bbox 565 2321 652 2369; x_wconf 87' lang='lat' dir='ltr'>ancilla</span> <span class='ocrx_word' id='word_1_191' title='bbox 668 2320 768 2385; x_wconf 84' lang='lat' dir='ltr'>capillos</span> 
     </span>
     <span class='ocr_line' id='line_1_27' title="bbox 257 2393 785 2462; baseline -0.004 -16"><span class='ocrx_word' id='word_1_192' title='bbox 257 2395 365 2455; x_wconf 82' lang='lat' dir='ltr'>incitet,</span> <span class='ocrx_word' id='word_1_193' title='bbox 387 2397 411 2446; x_wconf 78' lang='lat' dir='ltr'>dc</span> <span class='ocrx_word' id='word_1_194' title='bbox 429 2396 486 2445; x_wconf 84' lang='lat' dir='ltr'>velo</span> <span class='ocrx_word' id='word_1_195' title='bbox 500 2394 598 2462; x_wconf 82' lang='lat' dir='ltr'>remigis</span> <span class='ocrx_word' id='word_1_196' title='bbox 615 2393 688 2442; x_wconf 85' lang='lat' dir='ltr'>addat</span> <span class='ocrx_word' id='word_1_197' title='bbox 703 2410 785 2459; x_wconf 82' lang='lat' dir='ltr'>opem.</span> 
     </span>
     <span class='ocr_line' id='line_1_28' title="bbox 218 2468 840 2534; baseline -0.003 -14"><span class='ocrx_word' id='word_1_198' title='bbox 218 2468 272 2526; x_wconf 87' lang='lat' dir='ltr'>Et,</span> <span class='ocrx_word' id='word_1_199' title='bbox 288 2470 368 2519; x_wconf 82' lang='lat' dir='ltr'>secum</span> <span class='ocrx_word' id='word_1_200' title='bbox 384 2468 452 2518; x_wconf 88' lang='lat' dir='ltr'>tenui</span> <span class='ocrx_word' id='word_1_201' title='bbox 467 2468 581 2534; x_wconf 81' lang='lat' dir='ltr'>suspirans</span> <span class='ocrx_word' id='word_1_202' title='bbox 598 2484 738 2527; x_wconf 85' lang='lat' dir='ltr'>murmure,</span> <span class='ocrx_word' id='word_1_203' title='bbox 755 2469 820 2518; x_wconf 83' lang='lat' dir='ltr'>dicat</span> <span class='ocrx_word' id='word_1_204' title='bbox 829 2483 840 2529; x_wconf 69' lang='grc' dir='ltr'><strong><em>ς</em></strong></span> 
     </span>
     <span class='ocr_line' id='line_1_29' title="bbox 258 2541 992 2607; baseline 0 -15"><span class='ocrx_word' id='word_1_205' title='bbox 258 2543 295 2592; x_wconf 92' lang='lat' dir='ltr'>Ut</span> <span class='ocrx_word' id='word_1_206' title='bbox 308 2554 386 2605; x_wconf 90' lang='lat' dir='ltr'>puto,</span> <span class='ocrx_word' id='word_1_207' title='bbox 405 2558 454 2591; x_wconf 92' lang='lat' dir='ltr'>non</span> <span class='ocrx_word' id='word_1_208' title='bbox 470 2541 562 2607; x_wconf 89' lang='lat' dir='ltr'>poteris</span> <span class='ocrx_word' id='word_1_209' title='bbox 580 2542 628 2607; x_wconf 79' lang='lat' dir='ltr'>ipsa</span> <span class='ocrx_word' id='word_1_210' title='bbox 641 2542 735 2592; x_wconf 84' lang='lat' dir='ltr'>referre</span> <span class='ocrx_word' id='word_1_211' title='bbox 749 2543 840 2593; x_wconf 85' lang='lat' dir='ltr'>vicem.</span> <span class='ocrx_word' id='word_1_212' title='bbox 929 2550 992 2606; x_wconf 81' lang='lat'>¹370</span> 
     </span>
     <span class='ocr_line' id='line_1_30' title="bbox 217 2613 831 2680; baseline 0 -17"><span class='ocrx_word' id='word_1_213' title='bbox 217 2613 284 2663; x_wconf 84' lang='lat' dir='ltr'>Turn</span> <span class='ocrx_word' id='word_1_214' title='bbox 301 2613 332 2662; x_wconf 91' lang='lat' dir='ltr'>de</span> <span class='ocrx_word' id='word_1_215' title='bbox 348 2626 373 2662; x_wconf 89' lang='lat' dir='ltr'>te</span> <span class='ocrx_word' id='word_1_216' title='bbox 388 2626 469 2663; x_wconf 88' lang='lat' dir='ltr'>narret</span> <span class='ocrx_word' id='word_1_217' title='bbox 484 2630 492 2664; x_wconf 71' lang='grc' dir='ltr'><em>τ</em></span> <span class='ocrx_word' id='word_1_218' title='bbox 507 2628 557 2665; x_wconf 86' lang='lat' dir='ltr'>tum</span> <span class='ocrx_word' id='word_1_219' title='bbox 573 2614 741 2680; x_wconf 86' lang='lat' dir='ltr'>persuadentia</span> <span class='ocrx_word' id='word_1_220' title='bbox 755 2616 831 2664; x_wconf 80' lang='lat' dir='ltr'>verba</span> 
     </span>
     <span class='ocr_line' id='line_1_31' title="bbox 258 2684 766 2749; baseline 0.006 -16"><span class='ocrx_word' id='word_1_221' title='bbox 258 2684 360 2740; x_wconf 78' lang='lat' dir='ltr'>Addat3</span> <span class='ocrx_word' id='word_1_222' title='bbox 378 2684 498 2734; x_wconf 85' lang='lat' dir='ltr'>&amp;insano</span> <span class='ocrx_word' id='word_1_223' title='bbox 516 2684 582 2749; x_wconf 80' lang='lat' dir='ltr'>juret</span> <span class='ocrx_word' id='word_1_224' title='bbox 595 2703 678 2736; x_wconf 83' lang='lat' dir='ltr'>amore</span> <span class='ocrx_word' id='word_1_225' title='bbox 693 2686 766 2736; x_wconf 86' lang='lat' dir='ltr'>rnori.</span> 
     </span>
     <span class='ocr_line' id='line_1_32' title="bbox 216 2754 923 2823; baseline 0.006 -16"><span class='ocrx_word' id='word_1_226' title='bbox 216 2757 269 2811; x_wconf 85' lang='lat' dir='ltr'>Sed</span> <span class='ocrx_word' id='word_1_227' title='bbox 282 2766 417 2822; x_wconf 85' lang='lat' dir='ltr'>properet,</span> <span class='ocrx_word' id='word_1_228' title='bbox 434 2772 465 2806; x_wconf 86' lang='lat' dir='ltr'>ne</span> <span class='ocrx_word' id='word_1_229' title='bbox 482 2759 536 2807; x_wconf 83' lang='lat' dir='ltr'>vela</span> <span class='ocrx_word' id='word_1_230' title='bbox 550 2759 655 2813; x_wconf 83' lang='lat' dir='ltr'>cadant,</span> <span class='ocrx_word' id='word_1_231' title='bbox 670 2773 783 2823; x_wconf 84' lang='lat' dir='ltr'>auraeque</span> <span class='ocrx_word' id='word_1_232' title='bbox 799 2754 923 2811; x_wconf 76' lang='lat' dir='ltr'>residantt</span> 
     </span>
     <span class='ocr_line' id='line_1_33' title="bbox 259 2828 771 2897; baseline -0.002 -15"><span class='ocrx_word' id='word_1_233' title='bbox 259 2833 296 2882; x_wconf 93' lang='lat' dir='ltr'>Ut</span> <span class='ocrx_word' id='word_1_234' title='bbox 312 2828 402 2897; x_wconf 84' lang='lat' dir='ltr'>fragilis</span> <span class='ocrx_word' id='word_1_235' title='bbox 416 2830 526 2895; x_wconf 80' lang='lat' dir='ltr'>glacies,</span> <span class='ocrx_word' id='word_1_236' title='bbox 546 2830 630 2879; x_wconf 86' lang='lat' dir='ltr'>interit</span> <span class='ocrx_word' id='word_1_237' title='bbox 644 2830 679 2880; x_wconf 90' lang='lat' dir='ltr'>ira</span> <span class='ocrx_word' id='word_1_238' title='bbox 694 2830 771 2881; x_wconf 76' lang='lat' dir='ltr'>mori.</span> 
     </span>
     <span class='ocr_line' id='line_1_34' title="bbox 196 2901 990 2974; baseline 0.004 -24"><span class='ocrx_word' id='word_1_239' title='bbox 196 2945 198 2950; x_wconf 73' lang='grc'>,</span> <span class='ocrx_word' id='word_1_240' title='bbox 221 2904 338 2968; x_wconf 83' lang='lat' dir='ltr'>Quaeris,</span> <span class='ocrx_word' id='word_1_241' title='bbox 357 2920 387 2953; x_wconf 87' lang='lat' dir='ltr'>an</span> <span class='ocrx_word' id='word_1_242' title='bbox 402 2902 464 2951; x_wconf 91' lang='lat' dir='ltr'>hanc</span> <span class='ocrx_word' id='word_1_243' title='bbox 478 2902 551 2967; x_wconf 89' lang='lat' dir='ltr'>ipsam</span> <span class='ocrx_word' id='word_1_244' title='bbox 566 2901 644 2968; x_wconf 87' lang='lat' dir='ltr'>prosit</span> <span class='ocrx_word' id='word_1_245' title='bbox 659 2902 751 2953; x_wconf 87' lang='lat' dir='ltr'>violare</span> <span class='ocrx_word' id='word_1_246' title='bbox 767 2902 913 2959; x_wconf 61' lang='lat' dir='ltr'>ndniſtrzffl</span> <span class='ocrx_word' id='word_1_247' title='bbox 939 2918 990 2974; x_wconf 84' lang='lat'>375</span> 
     </span>
     <span class='ocr_line' id='line_1_35' title="bbox 260 2975 744 3043; baseline 0.004 -18"><span class='ocrx_word' id='word_1_248' title='bbox 260 2977 359 3027; x_wconf 87' lang='lat' dir='ltr'>Talibus</span> <span class='ocrx_word' id='word_1_249' title='bbox 376 2975 483 3026; x_wconf 81' lang='lat' dir='ltr'>admissis</span> <span class='ocrx_word' id='word_1_250' title='bbox 498 2976 552 3025; x_wconf 85' lang='lat' dir='ltr'>alea</span> <span class='ocrx_word' id='word_1_251' title='bbox 567 2977 661 3043; x_wconf 83' lang='lat' dir='ltr'>grandis</span> <span class='ocrx_word' id='word_1_252' title='bbox 677 2976 744 3027; x_wconf 81' lang='lat' dir='ltr'>inest.</span> 
     </span>
     <span class='ocr_line' id='line_1_36' title="bbox 225 3048 798 3108; baseline 0.009 -9"><span class='ocrx_word' id='word_1_253' title='bbox 225 3048 285 3099; x_wconf 80' lang='lat' dir='ltr'>Haec</span> <span class='ocrx_word' id='word_1_254' title='bbox 300 3068 313 3099; x_wconf 88' lang='lat' dir='ltr'>a</span> <span class='ocrx_word' id='word_1_255' title='bbox 329 3051 458 3101; x_wconf 87' lang='lat' dir='ltr'>concubitu</span> <span class='ocrx_word' id='word_1_256' title='bbox 472 3049 500 3099; x_wconf 89' lang='lat' dir='ltr'>s1t</span> <span class='ocrx_word' id='word_1_257' title='bbox 516 3049 596 3099; x_wconf 87' lang='lat' dir='ltr'>sedula</span> <span class='ocrx_word' id='word_1_258' title='bbox 608 3067 617 3108; x_wconf 91' lang='lat'>;</span> <span class='ocrx_word' id='word_1_259' title='bbox 635 3051 724 3101; x_wconf 86' lang='lat' dir='ltr'>tardior</span> <span class='ocrx_word' id='word_1_260' title='bbox 737 3051 776 3101; x_wconf 88' lang='lat' dir='ltr'>illa</span> <span class='ocrx_word' id='word_1_261' title='bbox 788 3066 798 3104; x_wconf 84' lang='lat' dir='ltr'>t</span> 
     </span>
     <span class='ocr_line' id='line_1_37' title="bbox 254 3121 813 3191; baseline 0.011 -18"><span class='ocrx_word' id='word_1_262' title='bbox 254 3121 322 3175; x_wconf 83' lang='lat' dir='ltr'>&#39;Haec</span> <span class='ocrx_word' id='word_1_263' title='bbox 336 3126 436 3177; x_wconf 85' lang='lat' dir='ltr'>dominae</span> <span class='ocrx_word' id='word_1_264' title='bbox 452 3140 537 3176; x_wconf 85' lang='lat' dir='ltr'>munus</span> <span class='ocrx_word' id='word_1_265' title='bbox 553 3136 578 3175; x_wconf 88' lang='lat' dir='ltr'>te</span> <span class='ocrx_word' id='word_1_266' title='bbox 595 3136 683 3191; x_wconf 82' lang='lat' dir='ltr'>parat,</span> <span class='ocrx_word' id='word_1_267' title='bbox 702 3125 741 3177; x_wconf 83' lang='lat' dir='ltr'>illa</span> <span class='ocrx_word' id='word_1_268' title='bbox 757 3127 813 3183; x_wconf 80' lang='lat' dir='ltr'>tibi,</span> 
     </span>
    </p>
   </div>
   <div class='ocr_carea' id='block_1_3' title="bbox 0 0 1209 3892">
    <p class='ocr_par' dir='ltr' id='par_1_3' title="bbox 0 0 1209 3892">
     <span class='ocr_line' id='line_1_38' title="bbox 0 0 1209 3892; baseline 0 0"><span class='ocrx_word' id='word_1_269' title='bbox 0 0 1209 3892; x_wconf 95' lang='lat' dir='ltr'> </span> 
     </span>
    </p>
   </div>
  </div>
 </body>
</html>
