2392 3892
266 339 667 411 nrArrrAnannr
693 337 732 406 L.
749 340 817 423 III.
845 360 921 431 257

217 458 258 510 llle
271 472 344 509 vetus
358 460 428 507 miles
445 457 529 508 sensIm
548 458 574 507 dt
590 457 709 521 sapienter
723 459 829 515 amabit,
932 456 981 520 565

247 532 376 597 Multaque
393 530 466 580 tironi
483 547 531 579 non
547 530 660 595 patienda
676 530 748 578 feret.

213 605 266 657 Nec
282 606 379 671 franget
395 602 492 669 polles,
510 619 556 652 nec
571 602 637 651 saevis
654 602 747 669 ignibus
763 614 838 652 uret:

248 678 304 727 Nec
321 677 424 726 dominae
439 688 535 731 teneras
552 686 651 740 appetet
666 692 747 743 ungue
763 691 845 742 genas.

213 750 266 801 Nec
283 750 378 802 scindet
393 749 516 799 tunicasve
530 748 602 806 suas,
618 748 743 806 tunicasve
758 750 864 814 puellae:

247 824 401 888 Necraptus
416 821 489 871 flendi
505 822 573 871 causa
585 822 688 886 ‚capillus
704 822 759 871 erit.
932 836 982 883 570

214 894 257 947 lsta
273 896 364 946 decent
379 911 487 960 pueros,
504 906 575 943 aetate
592 895 714 945 &amore
730 896 857 946 calentes:

198 993 204 1004 ⁸
248 968 301 1018 Hie
314 968 366 1018 sera
384 965 518 1034 composita
532 968 634 1018 vulnera
649 980 730 1017 mente
747 968 821 1018 feret.

214 1040 312 1109 Ignibus
327 1040 366 1091 hic
385 1040 455 1091 lentis
471 1051 574 1098 uretur,
591 1054 619 1092 ut
637 1041 732 1091 humida
747 1041 830 1100 taeda;
852 1077 854 1081 -

170 1156 174 1165 .
248 1113 285 1163 Ut
301 1111 374 1163 modd
389 1114 507 1162 montanis
523 1113 582 1163 silva
597 1114 672 1163 recisa
687 1114 760 1181 jugis.

215 1184 314 1236 Certior
331 1185 370 1235 hic
387 1198 454 1235 amor
468 1185 501 1235 est
518 1201 524 1234 :
542 1187 621 1235 brevis
639 1188 665 1236 ὃ(
681 1187 807 1237 fecundior
821 1187 872 1237 ille.
931 1200 982 1250 575

249 1257 313 1323 Quae
321 1258 441 1328 lugiunt,
460 1259 535 1308 celeri
550 1259 641 1322 carpite
657 1276 727 1323 poma
743 1276 822 1308 manu.

215 1329 303 1382 Omnia
317 1332 441 1381 tradantur
457 1348 464 1381 ι
480 1344 564 1397 portas
580 1331 737 1381 reseravimus
752 1330 832 1387 holli3

249 1401 282 1455 Et
296 1404 328 1455 sit
342 1404 367 1453 in
382 1403 453 1453 infida
470 1405 609 1469 proditione
623 1402 693 1453 fides.

213 1475 288 1541 Quod
299 1477 370 1527 datur
379 1493 410 1526 ex
420 1477 503 1537 facili,
520 1480 618 1545 longum
628 1480 688 1527 male
700 1476 775 1527 nutrit
784 1491 890 1527 amorem
901 1490 909 1526 ε

249 1549 374 1600 Miscenda
391 1549 425 1598 ell
441 1551 501 1600 laetis
518 1569 570 1600 rara
586 1550 679 1617 repulsa
694 1549 766 1615 jocis.
930 1546 982 1613 580

214 1622 278 1681 Ante
295 1622 361 1672 sores
375 1621 454 1687 jaceat
473 1640 480 1673 :
497 1624 608 1673 Crudelis
623 1622 713 1689 janua,
731 1625 836 1673 clamet:

249 1694 378 1760 Multaque
394 1695 523 1754 submiss'e,
540 1699 614 1748 multa
631 1698 749 1746 minanter
765 1708 829 1763 agat.

215 1767 303 1817 Dulcia
317 1784 366 1817 non
383 1768 481 1819 ferimus
497 1785 504 1819 τ
521 1769 592 1820 succo
608 1786 753 1821 renovemur
768 1784 869 1820 amoro:

248 1842 318 1906 Saepe
335 1840 397 1905 perit
412 1842 490 1893 ventis
508 1844 594 1893 obruta
611 1846 695 1911 cymba
712 1843 766 1894 luis.

215 1912 270 1962 Hoc
287 1912 336 1971 est,
355 1920 444 1966 uxores
461 1916 526 1981 quod
541 1934 590 1965 non
604 1919 709 1981 patiatur
725 1915 817 1966 amari:
932 1910 983 1978 585

248 1986 406 2037 Conveniunt
421 1988 492 2043 illas,
511 1985 564 2036 crim
578 1990 699 2045 voluere,
714 1989 769 2039 viri.

215 2056 287 2110 Obde
303 2059 399 2118 forem;
418 2059 520 2119 &duro
537 2060 600 2109 dicat
614 2058 657 2107 tibi
674 2058 762 2123 janitor
779 2074 842 2115 ore,
909 2117 911 2120 Ι

175 2188 177 2191 v
250 2132 308 2182 Non
323 2144 395 2197 potes
410 2147 417 2181 τ
435 2131 557 2181 exclusum
575 2144 601 2181 te
618 2148 714 2197 quoque
731 2142 815 2197 tanget
829 2144 906 2178 amor.

214 2202 300 2254 Ponite
315 2203 362 2269 jam
380 2204 472 2272 gladios
487 2205 588 2255 hebetes
604 2220 612 2255 τ
627 2216 749 2271 pugnetur
764 2201 851 2251 acutis.

250 2277 304 2325 Nec
319 2277 421 2336 dubito,
440 2278 496 2327 telis
511 2278 567 2343 quin
583 2290 655 2344 petar
669 2278 718 2343 ipse
735 2276 803 2326 mels.
900 2320 903 2325 .
932 2284 985 2337 59³

214 2346 279 2399 Dum
291 2350 354 2398 cadit
364 2350 387 2398 in
398 2351 497 2415 laqueos
508 2364 591 2416 captus
602 2367 698 2418 quoque
710 2366 786 2415 nuper
795 2358 887 2397 amator
898 2375 906 2403 ,

250 2422 333 2470 Solum
350 2422 374 2471 se
389 2423 507 2474 thalamos
522 2423 602 2490 speret
617 2426 708 2475 habere
724 2436 789 2473 tuos.

215 2492 344 2544 Postmodo
360 2494 479 2553 rivalem,
499 2497 633 2564 partitaque
651 2497 744 2547 foedera
759 2492 816 2546 lessi

249 2566 344 2615 Sentiat
359 2581 366 2614 ι
381 2566 424 2613 has
440 2578 504 2616 artes
519 2570 600 2626 tolle,
621 2568 729 2617 senescet
745 2582 822 2615 amor.

213 2639 278 2689 Tum
294 2638 356 2684 bene
374 2636 444 2685 fortis
461 2653 555 2702 equus,
571 2641 679 2689 reserato
694 2652 813 2697 carcere,
829 2631 902 2683 currit
914 2647 924 2689 ὅ
937 2648 947 2691 5
952 2645 985 2695 95

252 2709 332 2766 Ctim,
350 2724 410 2776 quos
424 2722 573 2772 praetereat,
590 2726 699 2776 quosque
714 2708 826 2774 sequatur
836 2708 850 2765 ,Ι
860 2706 942 2755 habet.

209 2783 354 2848 Quamlibet
370 2781 495 2833 exstinslos
512 2775 596 2847 irijuria
612 2783 708 2832 suscitat
723 2782 802 2849 ignes.
895 2830 897 2835 ,

251 2857 288 2907 En
305 2873 369 2925 ego,
390 2854 528 2913 confiteor,
545 2872 594 2905 non
613 2856 658 2907 nisi
675 2855 742 2904 laesus
757 2870 822 2904 amo.

215 2929 293 2981 Carisa
306 2942 387 2984 tamen
401 2926 498 2979 nimitim
514 2944 562 2978 non
576 2930 612 2979 sit
626 2928 747 2979 manifesta
764 2925 877 2979 doloris:
969 2988 971 2993 ,

252 3000 374 3069 Pluraque·
385 3002 510 3064 solicitus,
527 3006 599 3073 quim
612 3002 690 3065 sciat,
709 3000 756 3055 else
771 3013 852 3070 putet.
930 2997 986 3050 600
