2392 3892
228 430 232 439 ’
310 444 796 515 RananrrAmonrr.
847 446 919 516 281

210 559 306 613 Perside
322 564 509 629 Demophoon,
529 563 609 612 surdas
625 563 742 610 clamabat
756 564 786 612 ad
801 566 894 617 undas:

247 636 378 703 Ruptaque
394 639 501 703 singultu
517 637 590 685 verba
608 635 713 683 dolentis
730 648 808 685 erant.

212 707 292 760 Limes
309 723 362 759 erat
378 712 477 767 tenuis,
497 710 569 775 longi
586 707 722 757 subnubilus
739 709 840 769 umbri,

247 781 307 847 Quo
325 783 382 833 tulit
398 783 439 832 illa
458 783 512 832 suos
528 782 558 830 ad
576 798 640 830 mare
658 780 719 846 saepe
736 781 821 847 pedes.
933 784 985 836 600

213 853 284 905 Nona
300 856 428 906 terebatur
443 856 535 905 miserae
552 855 600 903 via.
616 854 735 912 Videris,
754 856 851 921 inquit:

248 928 281 977 Et
296 927 387 993 spetlat
404 944 488 978 zonam
506 927 593 994 pallida
609 927 670 976 satra
687 928 760 979 suam.

216 997 305 1067 Aspicit
320 1002 347 1051 ὃ(
363 1017 458 1075 rqmos,
473 1002 586 1051 dubitat:
601 999 738 1067 refugitque
756 1001 821 1067 quod
835 1002 908 1053 audet
920 1019 928 1055 t

246 1074 280 1123 Et
295 1074 367 1124 timet
384 1090 391 1123 :
409 1074 434 1123 &
452 1075 539 1141 digitos
556 1074 585 1122 ad
602 1074 641 1123 sua
657 1075 719 1122 colla
736 1075 823 1125 refert.

214 1141 327 1203 Sithoni,
345 1158 403 1195 tunc
421 1146 487 1197 certe
503 1148 592 1198 vellem
609 1147 723 1197 non-sola
738 1147 838 1207 fuiffes3
932 1148 982 1213 605

247 1220 307 1268 Non
323 1218 396 1268 lieres
410 1220 494 1284 positis
510 1218 639 1287 Phyllida,
659 1220 739 1275 silva,
754 1223 840 1274 comis.

215 1286 330 1358 Phyllidis
347 1293 460 1357 exemplo
476 1291 573 1342 nimitim
589 1293 682 1341 secreta
698 1294 802 1353 timere,

247 1363 315 1413 Laese
329 1364 366 1413 vir
382 1382 396 1413 a
411 1366 524 1423 domina,
542 1365 595 1415 laesa
611 1365 691 1429 puella
707 1366 771 1415 viro.

212 1433 357 1488 Praestiterat
373 1436 485 1503 juvenis,
503 1438 617 1505 quicquid
632 1454 686 1487 mea
702 1437 771 1486 Musa
786 1436 906 1504 jubebata

246 1510 324 1576 Inque
340 1508 387 1560 suae
402 1505 474 1577 portu
490 1530 558 1578 paene
575 1511 654 1561 salutis
671 1521 733 1561 erat.
932 1512 984 1563 610

211 1581 327 1641 Recidit,
342 1594 370 1633 ut
387 1584 486 1649 cupidos
502 1586 565 1635 inter
582 1584 681 1633 devenit
698 1597 825 1637 amantest

247 1656 299 1714 Et,
317 1673 370 1722 quae
386 1658 546 1717 condiderat,
563 1659 614 1707 tela
628 1657 737 1707 resumsit
753 1658 839 1710 Amor.

211 1727 237 1778 si
253 1728 307 1793 quis
322 1746 405 1788 arnas,
426 1746 472 1780 nec
488 1732 544 1787 vis;
563 1730 638 1781 facito
655 1732 766 1798 contagia
783 1733 857 1783 vites.

247 1800 309 1851 Haec
326 1802 398 1851 etiam
415 1803 499 1867 pecori
515 1804 576 1869 saepe
593 1818 685 1852 nocere
702 1802 788 1853 solent.

212 1872 278 1927 Dum
295 1873 401 1940 spectant
417 1877 482 1926 oculi
499 1877 584 1936 laesos,
603 1877 722 1926 laeduntur
741 1876 847 1945 &ipsit
929 1877 981 1943 615

246 1946 376 2013 Multaque
392 1951 533 2015 corporibus
547 1950 690 2001 transitione
705 1965 806 2003 nocent.

210 2019 239 2069 ln
257 2021 311 2069 loca
328 2037 504 2089 nonnumquam
520 2023 591 2073 siccis
608 2024 701 2072 arentia
716 2025 794 2089 glebis

245 2093 288 2142 De
304 2110 380 2160 prope
397 2096 503 2144 currenti
518 2094 616 2143 flumine
632 2106 711 2143 manat
725 2111 796 2160 aqua.

210 2164 297 2216 Manat
313 2184 381 2216 amor
396 2168 491 2227 tetius,
510 2168 530 2217 si
547 2185 595 2217 non
610 2169 639 2216 ab
654 2179 748 2215 amante
763 2166 885 2219 recedast

245 2239 376 2306 Turbaque
391 2240 415 2290 in
430 2242 477 2291 hoc
493 2257 577 2291 omnes
593 2238 715 2306 ingeniosa
729 2239 816 2295 sumus.
927 2239 980 2292 620

210 2311 281 2363 Alter
297 2313 355 2363 item
371 2312 418 2377 jam
435 2313 504 2363 sanus
521 2326 593 2370 erat3
612 2311 700 2361 vicinia
716 2312 800 2363 laesitt

247 2385 382 2435 Occursum
399 2387 500 2440 dominae
516 2402 566 2436 non
582 2386 638 2434 tulit
654 2386 695 2434 ille
711 2384 767 2434 suae.

210 2458 306 2513 Vulnus
322 2459 346 2508 in
361 2458 483 2525 antiquum
498 2459 571 2510 rediit
586 2457 649 2509 male
665 2456 732 2520 firma
749 2454 848 2509 cicatrix
857 2473 872 2517 ς

245 2530 430 2597 Successumque
447 2547 512 2584 artes
528 2551 577 2584 non
593 2534 699 2583 habuere
714 2548 787 2583 meae.

209 2601 333 2652 Proximus
351 2621 365 2652 a
380 2605 449 2653 tetris
467 2606 527 2671 ignis
544 2604 685 2655 defenditur
696 2619 782 2670 egres
927 2602 962 2653 62
967 2618 979 2666 5

244 2674 315 2725 Utile
330 2673 434 2723 finitimis
450 2676 580 2725 abstinuisse
595 2676 666 2738 locis,

207 2746 281 2804 Nec,
298 2762 351 2811 quae
366 2746 430 2794 ferre
446 2746 508 2795 solet
522 2747 661 2811 spatiantem
677 2743 786 2812 porticus
800 2745 886 2805 illam,

245 2820 285 2868 Te
300 2819 364 2868 ferat
380 2832 388 2867 c
405 2816 510 2867 officium
527 2835 589 2868 neve
604 2820 699 2868 colatur
712 2817 786 2868 iden.

210 2892 277 2957 Quid
294 2890 362 2957 juvat
375 2890 499 2941 admonitu
515 2892 621 2956 tepidam
636 2890 786 2941 recalescere
800 2887 927 2942 mentem?

247 2966 336 3023 Alter,
354 2965 374 3015 si
390 2964 487 3031 possis,
507 2965 571 3015 orbis
588 2965 713 3015 habendus
725 2964 782 3014 erit.
928 2964 980 3030 630

209 3037 269 3087 Non
286 3037 355 3087 facile
373 3039 478 3088 esuriens
493 3038 573 3106 positi
587 3038 724 3089 retinebere
741 3034 843 3091 mensi}

247 3107 279 3159 Et
294 3112 390 3163 multam
407 3114 492 3167 saliens
508 3114 592 3165 incitat
608 3112 670 3163 unda
687 3112 761 3163 sitim.
