2392 3892
306 442 357 515 24
405 424 445 492 P.
472 424 658 495 Orruit
682 419 905 490 NAsonrs

306 544 440 593 Seminibus
455 543 522 607 iadis
541 543 636 610 segetes
654 541 756 590 adolesse
769 542 896 602 virorum,

342 617 418 681 Inque
436 633 521 666 necem
537 615 622 665 dextri
638 631 687 663 non
702 614 792 680 eguisl'e
806 614 856 664 tud.

305 686 448 757 Pervigilem
460 689 561 754 spolium
571 687 671 753 pecudis
683 686 782 737 servasse
792 686 924 738 draconem
931 714 945 751 1
1009 681 1011 686 ¹

341 761 419 827 Rapta
433 775 513 811 tamen
528 761 586 811 sorti
601 761 693 810 vellera
708 759 774 809 fulva
787 775 868 809 manu.

259 834 288 884 ¹5
305 834 365 884 Haec
376 847 423 903 ego
435 834 451 884 sr
465 834 555 901 possem
569 833 653 884 timide
669 832 836 891 credentibus,
854 831 899 884 tua

341 908 395 973 lpse
407 909 464 957 mihi
477 906 580 972 scripsit,
599 907 699 966 dicere,
716 916 804 971 quanta
817 904 918 957 soreml

305 978 373 1046 Quid
384 997 473 1046 queror
487 979 592 1030 officium
603 980 664 1029 lenti
675 977 769 1028 cessasse
779 976 880 1028 muttit

344 1055 507 1120 Obsequium,
524 1069 611 1101 maneo
623 1052 642 1100 si
656 1063 714 1107 tua,
731 1050 821 1118 grande
832 1049 891 1104 tuli.

305 1127 408 1179 Barbara
419 1137 527 1175 narratur
541 1124 631 1173 venisse
646 1122 756 1172 venefica
767 1135 847 1172 tecum
858 1154 868 1182 ,

258 1204 294 1241 20
343 1199 370 1247 ln
386 1198 441 1246 mihi
457 1195 559 1263 promilli
575 1209 645 1263 parte
661 1207 761 1261 recepta
775 1196 833 1244 tori.

306 1270 411 1320 Credula
421 1287 460 1320 res
469 1286 536 1318 amor
547 1269 580 1319 esl
592 1284 601 1318 t
611 1268 702 1318 utinam
710 1268 838 1317 temeraria
849 1266 916 1321 dicar
1008 1263 1010 1268 ¹

342 1342 486 1393 Criminibus
502 1340 564 1393 salsis
582 1339 720 1391 insimulasse
734 1339 830 1390 virrun!

304 1416 389 1481 Nuper
399 1416 429 1465 ab
440 1415 570 1465 Haemoniis
582 1415 668 1479 hospes
677 1413 736 1463 mihi
745 1411 873 1464 Thessalus
883 1413 935 1466 oris
1008 1403 1014 1414 ⁶

340 1490 468 1548 Venerat;
485 1488 510 1538 ἃ
528 1488 616 1538 tadum
632 1487 673 1536 vix
689 1488 752 1535 bene
767 1487 840 1536 limen
858 1499 932 1537 erate

259 1557 291 1605 ²5
304 1561 448 1619 AEsonides,
467 1561 533 1618 dixi,
551 1561 608 1627 quid
623 1560 673 1627 agit
685 1556 771 1608 meus?
781 1560 826 1608 llle
839 1559 935 1624 pudore

342 1632 431 1692 Haesrt,
448 1634 473 1683 in
490 1633 598 1699 opposita
613 1633 701 1682 lumina
715 1630 777 1680 fixus
792 1632 876 1681 humo.

305 1706 416 1757 Protinus
427 1707 512 1755 exsilui
527 1736 535 1764 ,
548 1705 681 1771 tunicisque
690 1704 811 1769 apeslore
820 1704 915 1770 ruptis,
1011 1697 1013 1702 ¹

341 1778 411 1829 Vivit
422 1776 432 1827 l
445 1796 475 1828 an
486 1810 493 1835 ,
510 1779 636 1835 exclamo,
652 1794 691 1826 me
699 1792 796 1843 quoque
806 1777 855 1826 sata
866 1774 993 1831 trahunt?

305 1850 391 1907 Vivit,
402 1850 454 1908 aiu
471 1850 628 1916 timidumque
635 1849 693 1898 milri
701 1849 781 1915 jurare
789 1850 868 1916 co'e'gi.

260 1915 292 1967 30
342 1923 399 1974 Vix
409 1923 486 1980 mihi,
500 1922 560 1973 teste
577 1924 637 1972 Deo
649 1955 656 1981 ,
675 1923 767 1973 credita
778 1922 828 1972 vita
839 1934 881 1974 tua
892 1921 937 1974 est.

306 1997 342 2045 Ut
354 1995 425 2044 rediit
435 1995 526 2045 animus
538 2028 545 2053 ,
567 2008 610 2044 tua
621 1994 682 2044 falla
695 1996 819 2061 requirere
831 1994 906 2061 coepi.

343 2067 430 2117 Narrat
444 2068 574 2133 aenipedes
586 2068 674 2117 Martis
689 2067 761 2117 arasse
775 2069 869 2125 boves;

306 2141 429 2206 Vipereos
440 2141 525 2190 dentes
536 2140 560 2189 in
570 2141 670 2191 humum
681 2158 726 2207 pro
737 2141 825 2191 semine
835 2138 911 2207 jaslos
922 2146 933 2201 ,'

342 2214 373 2263 Et
388 2214 466 2264 subito
481 2228 552 2264 natos
569 2231 633 2265 arma
650 2213 728 2265 tulisse
746 2213 830 2271 viros3

259 2281 293 2335 35
306 2286 454 2353 Terrigenas
464 2289 585 2353 populos,
606 2288 672 2336 civili
689 2287 769 2335 Marte
788 2295 913 2351 peresuros
923 2295 934 2346 ‚‘

344 2357 451 2423 1mp1esse
465 2360 542 2409 aetatis
557 2361 608 2409 sata
620 2360 703 2408 diurna
716 2359 771 2407 suae.
982 2363 1004 2424 Ἰ

306 2430 412 2480 Devielo
428 2432 555 2497 serpente,
576 2433 680 2488 iterum,
696 2426 714 2477 si
729 2430 795 2478 vivat
813 2427 903 2487 lason,
1005 2465 1010 2475 .

344 2502 481 2567 Quaerimus
491 2520 499 2553 t
509 2506 630 2553 alternant
643 2501 740 2568 spesque
756 2501 879 2567 timorque
893 2500 978 2558 sideru.¹

307 2574 405 2643 ‚Singula
418 2575 472 2625 dum
488 2589 586 2635 narrat3
603 2576 679 2625 fludio
696 2573 814 2640 cursuque
828 2574 965 2643 loquendi,
1003 2575 1011 2608 ¹

258 2657 295 2705 40
343 2649 447 2716 Detegit
461 2649 558 2715 ingenio
574 2650 674 2698 vulnere
688 2646 748 2695 salla
763 2658 816 2696 tuo.

288 2743 293 2750 ·
307 2720 382 2772 Heu!
396 2722 438 2771 ubi
447 2724 515 2788 paeia
531 2718 614 2770 fides?
632 2720 673 2770 ubi
689 2720 841 2771 connubialia
854 2716 932 2787 jurad
1006 2717 1011 2724 '

342 2794 441 2861 Faxque
457 2795 498 2845 sub
514 2793 609 2844 arsuros
626 2794 721 2861 dignior
736 2794 771 2844 ire
788 2794 885 2861 rogos?
1024 2851 1027 2858 Ι

305 2866 362 2915 Non
378 2884 425 2933 ego
436 2867 487 2915 sum
503 2868 568 2918 surto
579 2868 623 2917 tibi
640 2868 737 2935 cognita
748 2884 756 2917 ε
766 2867 875 2932 pronuba
885 2865 951 2918 luno
1022 2859 1049 2906 ’θ

342 2938 444 2996 Adfuit,
461 2939 485 2988 δι
500 2940 568 2990 sertis
583 2953 692 3004 tempora
708 2939 801 2987 vin'slus
819 2938 926 3005 Hymen.
1022 2947 1026 2956 ’

256 3009 291 3061 45
304 3010 340 3062 At
349 3011 406 3062 inihi
415 3025 462 3059 nec
472 3010 553 3067 Juno,
565 3028 611 3061 nec
620 3012 732 3077 Hymen,
743 3009 782 3060 sed
792 3010 862 3060 tristis
872 3011 977 3080 Erinnys

341 3082 452 3135 Praetulit
464 3082 575 3135 irrsaustas
592 3082 772 3152 sauguinolenta
789 3082 867 3140 faces.

945 3150 1017 3228 our
