2392 3892
285 439 586 541 'Hunorum
613 468 694 537 En.
720 469 787 536 VI.
848 486 898 560 25

184 582 254 654 Quid
267 589 325 639 mihi
339 606 393 639 cum
406 586 520 655 Minyis?
535 586 591 653 quid
603 602 657 636 cum
666 586 793 638 Tritonide
803 588 880 656 pinu?

225 662 291 727 Quid
305 663 347 712 tibi
359 679 412 712 cum
423 661 500 728 patrii
511 694 519 719 ,
530 660 611 709 navita
623 660 721 727 Tiphy,
732 662 805 713 med?

188 735 245 786 Non
257 750 310 786 erat
326 736 365 785 hic
379 735 441 785 aries
458 735 518 784 villo
533 734 666 799 spectabilis
678 750 772 786 aureo:

226 809 279 857 Nec
293 809 354 859 senis
363 808 443 860 AEe'tae
453 809 520 874 regia
531 808 637 858 Lemnos
647 820 710 858 erat.
847 813 849 817 '
913 825 948 874 50

188 881 264 931 Certa
272 880 308 932 sui
319 879 398 949 primi>
409 913 418 937 ‚
432 881 471 930 sed
482 898 520 929 me
529 882 589 930 mala
600 882 648 931 fata
661 882 808 940 trahebant,

226 954 330 1020 Hospita
340 952 446 1004 feminei
457 954 548 1019 pellere
558 951 630 1004 castra
645 970 726 1005 manu.

187 1026 384 1092 Lemniadesque
396 1027 460 1076 vitos
470 1024 566 1076 nimidm
578 1045 674 1094 quoque
686 1029 787 1079 vincere
799 1039 899 1080 norunt.

225 1100 311 1149 Milite
322 1110 369 1149 tam
380 1099 436 1152 forti
448 1098 499 1166 ripa
507 1101 597 1150 tuenda
606 1102 661 1152 fuit.

186 1173 260 1224 Urbe
272 1172 348 1222 virum
362 1172 408 1222 vidi
420 1207 427 1232 ‚
442 1173 555 1240 testoque
565 1174 694 1241 animoque
705 1176 807 1242 recepi:
913 1191 925 1241 5
931 1192 945 1241 5

226 1242 276 1294 Hic
285 1245 328 1294 tibi
338 1246 420 1313 bisque
429 1246 515 1305 elias,
531 1248 615 1313 bisque
629 1250 734 1299 cucurrit
748 1250 833 1301 hiems·

186 1317 274 1377 Tertia
286 1318 361 1369 messis
373 1332 444 1379 erat,
459 1319 514 1369 caim
526 1332 553 1367 tu
565 1353 573 1375 ,
585 1322 642 1368 dare
657 1323 712 1369 vela
720 1323 834 1381 coactius,

223 1392 329 1459 implesti
340 1393 452 1458 lacrymis
467 1390 525 1439 talia
531 1392 607 1439 verba
618 1392 683 1441 tuis:
736 1447 739 1454 Ι

187 1464 320 1526 Ahllrahor
328 1498 335 1522 ‚
343 1464 482 1531 Hypsipyle
491 1480 498 1513 :
508 1463 564 1522 sed,
575 1461 713 1514 dentmodd
720 1464 768 1515 sata
775 1466 898 1529 recursus.

221 1540 269 1591 Vir
281 1552 338 1588 tuus
347 1538 403 1587 hinc
411 1540 473 1588 abeo
483 1570 491 1596 ,
501 1539 537 1587 vir
546 1538 589 1587 tibi
601 1537 694 1605 semper
703 1554 756 1587 ero.
912 1540 947 1593 60

186 1610 262 1676 Quod
269 1625 350 1661 tamen
361 1628 374 1661 e
384 1612 452 1661 nobis
462 1611 560 1678 gravidi
569 1614 663 1662 celatur
673 1611 698 1661 in
708 1613 782 1672 alvo,

222 1686 321 1743 Vrvnt;
335 1685 360 1736 δι
371 1684 480 1751 ejusdem
491 1682 560 1734 fimus
576 1698 678 1751 uterque
694 1702 790 1751 parens.

186 1758 329 1809 Haslenus:
346 1758 386 1815 &,
399 1758 509 1824 lacrymis
519 1758 608 1808 insalsa
619 1759 748 1810 fluentibus
762 1776 805 1812 ota
815 1769 827 1821 ,’

224 1830 317 1881 Cetera
332 1841 357 1879 te
368 1831 463 1881 memini
477 1847 525 1880 non
536 1827 638 1897 potuisse
649 1833 724 1898 loqui.

187 1904 295 1956 Ultimus
306 1920 320 1953 e
332 1903 401 1953 sociis
412 1904 501 1955 sacram
514 1906 657 1957 conscendis
674 1907 698 1955 in
710 1906 789 1975 Argo·
907 1910 942 1978 65

226 1974 269 2027 Illa
285 1978 369 2027 volat:
382 1989 469 2028 ventus
481 1994 587 2029 concava
597 1982 652 2029 vela
663 1992 740 2030 tenet.

190 2045 285 2100 Caerula
296 2050 417 2117 propulsae·
424 2050 560 2103 subducitur
568 2054 632 2103 unda
644 2055 749 2103 carinae

224 2124 302 2183 Terra
317 2123 377 2180 tibi,
392 2125 462 2174 nobis
482 2125 626 2192 aspiciuntur
640 2144 716 2192 aquae.

188 2197 217 2247 ln
236 2198 299 2247 latus
310 2213 381 2246 omne
398 2211 483 2263 patens
496 2200 569 2249 turris
585 2199 744 2264 circumspicit
757 2199 852 2249 undas:

224 2269 280 2319 Huc
291 2270 375 2329 seror,
391 2270 415 2319 &
426 2271 539 2337 lacrymis
550 2287 626 2336 osque
637 2272 750 2335 sinusque
762 2271 868 2322 madent·
906 2280 942 2331 70

189 2341 235 2394 Per
244 2345 361 2411 lacrymas
373 2341 469 2409 spest03
483 2342 625 2408 cupidaeque
633 2343 738 2394 faventia
748 2344 823 2395 menti

224 2417 329 2485 Longius
338 2414 429 2466 assueto
437 2417 525 2467 lumina
533 2414 611 2468 nostra
622 2416 714 2467 vident.

188 2488 260 2541 addo
270 2506 357 2557 preces
367 2489 439 2540 castas
448 2491 617 2556 ,immixtaque
626 2503 683 2540 vota
695 2489 775 2541 timori
786 2525 795 2551 ,

144 2561 148 2624 ξ
222 2564 295 2613 Nunc
307 2580 404 2629 quoque
413 2596 420 2621 ,
430 2575 456 2614 te
464 2565 544 2621 salvo,
556 2563 713 2629 persoluenda
719 2565 785 2615 mihi.

144 2643 147 2678 ἱ
170 2665 175 2675 ·
188 2637 257 2691 Vota
266 2652 315 2705 ego
329 2637 461 2702 persolvam
473 2636 483 2685 i
496 2638 559 2686 votis
569 2636 658 2686 Media
669 2636 785 2689 furetur?
905 2655 939 2708 75

222 2711 274 2761 Cor
286 2709 372 2767 dolet;
382 2723 454 2774 atque
464 2710 499 2760 ira
506 2710 595 2759 mixtus
606 2710 710 2760 abundat
720 2727 797 2760 amor.

188 2783 347 2850 Donafqram
357 2782 467 2846 templis,
479 2783 559 2831 vivum
569 2784 635 2850 quod
646 2784 730 2833 lasona
738 2782 816 2849 perdo
827 2778 839 2833 1

221 2855 305 2907 Hostia
314 2871 361 2922 pro
376 2853 465 2902 damnis
476 2855 587 2903 concidat
597 2855 643 2903 isia
654 2854 732 2904 meisi

187 2931 243 2981 Non
255 2930 367 2995 equidem
380 2925 460 2976 secura
473 2927 526 2983 fui;
544 2926 685 2993 semperque
695 2929 814 2989 verebar,

221 3006 261 3054 Nc
272 2997 747 3068 paterArgolici'sumereturbenurum.
904 3002 939 3054 80

188 3075 315 3142 Argolicas
331 3075 400 3124 timui
412 3091 419 3124 ε
431 3075 514 3124 nocuit
529 3073 586 3123 mihi
598 3075 697 3125 barbara
711 3078 812 3143 pellex:
879 3108 881 3113 ·

222 3151 283 3200 Non
294 3147 428 3215 exspesiati
437 3150 523 3206 vulnus
531 3150 563 3201 ab
573 3147 642 3201 hoste
652 3150 705 3201 tuli.
738 3201 741 3206 ,

225 3220 312 3274 Tomus
329 3219 355 3277 1.
728 3223 749 3277 Β
