2392 3892
313 433 384 523 146
435 427 920 505 orrnrrAnonnn

308 551 402 615 Scripta
417 551 484 617 leget
497 549 577 598 secum
592 566 600 599 s
615 562 715 598 matrem
731 548 817 599 misisse
831 564 928 615 putato.
1018 586 1020 590 ι

263 645 299 683 20
343 624 448 674 Venerit
465 623 562 690 ignotus
577 638 585 672 s
603 621 727 687 postmodo
742 635 815 672 notus
833 636 882 671 eat.

308 698 355 747 Ibit
369 696 399 744 ad
411 694 536 755 affetiam,
554 712 607 761 quae
621 711 670 745 non
685 694 827 762 huguebir,
843 696 944 745 amicam

344 769 451 833 Visere3
470 768 564 834 judiciis
580 784 644 834 aegra
661 768 695 817 sit
710 768 751 817 illa
767 768 825 817 tuis.

308 843 334 893 si
349 839 423 892 saciet
439 841 527 899 tardd3
543 857 574 890 ne
591 852 617 890 te
632 856 699 890 mora
714 843 786 907 longa
801 839 906 908 fatiget,

284 973 287 980 ι
344 915 460 980 Impositi
475 914 568 981 gremio
584 912 684 964 stertere
702 913 783 966 fronte
799 925 880 979 potes.

258 1010 297 1058 ,25
308 989 363 1038 Nec
378 1000 424 1047 tu,
441 988 565 1054 linigeram
580 984 634 1037 fieri
651 986 708 1051 qrtid
726 986 803 1051 possit
818 985 849 1036 ad
864 986 932 1045 lsin,

344 1059 475 1124 Quaesieris
494 1076 501 1110 ε
518 1075 564 1108 nec
582 1070 610 1108 tu
625 1076 700 1109 curva
717 1060 812 1110 theatra
828 1059 898 1109 time.

308 1133 423 1183 Conscius
439 1132 547 1182 assiduos
565 1132 686 1181 commissi
702 1135 774 1183 tollet
789 1132 906 1182 honores.

344 1204 406 1269 Quis
423 1205 501 1268 minor
520 1203 553 1254 est
568 1217 670 1263 autem,
688 1208 758 1272 quim
771 1204 886 1263 tacuisse,
905 1202 998 1257 labos?

308 1278 352 1327 llle
363 1278 457 1343 placet,
467 1277 594 1344 versatque
606 1278 717 1338 domum,
727 1294 805 1343 neque
815 1278 917 1328 verbera
927 1279 1015 1331 sentite
1041 1300 1046 1308 ·

264 1345 299 1420 36
344 1352 389 1400 ille
407 1363 493 1417 potens
510 1366 519 1400 2
536 1350 595 1409 alii,
614 1350 708 1401 sordida
726 1353 814 1410 turba,
831 1349 930 1417 jacent.¹

308 1423 392 1483 Huic,
408 1441 473 1474 verre
489 1435 516 1473 ut
532 1425 623 1474 lateant
639 1424 733 1481 causae,
749 1422 871 1490 finguntur
886 1425 992 1475 inanest

344 1496 426 1563 Atque
437 1497 507 1547 ambo
518 1496 607 1546 domini
618 1529 626 1555 ,
644 1496 710 1561 quod
719 1496 806 1561 probat
818 1514 883 1555 une,
902 1499 1018 1561 probant.

310 1568 371 1620 cum
386 1571 449 1620 bene
464 1570 501 1619 vir
519 1570 591 1619 traxit
606 1569 717 1627 vultum,
734 1584 852 1635 rugasque
871 1572 955 1637 co'e'git
964 1586 975 1629 3

289 1691 291 1695 .
345 1641 421 1705 Quod
435 1643 513 1692 voluit
528 1641 581 1691 fieri
597 1641 684 1691 blanda
700 1641 799 1707 puella,
820 1640 886 1691 facit.

265 1730 297 1782 35
309 1715 358 1765 Sed
378 1726 458 1764 tamen
473 1714 593 1764 interdum
609 1727 691 1765 tecum
709 1730 805 1781 quoque
820 1712 899 1782 jurgia
915 1716 1019 1777 neuats

345 1787 377 1837 Et
391 1788 487 1837 simulet
502 1788 640 1855 lacrymas,
660 1786 843 1852 carnificemque
857 1800 944 1840 vocet.

309 1858 350 1909 Tu
366 1872 451 1909 contra
468 1859 604 1925 objiciens,
624 1876 676 1925 quae
693 1856 747 1908 tutd
761 1860 839 1909 diluat
854 1858 915 1920 illa,
974 1855 981 1869 ”

345 1931 373 1981 ln
387 1947 490 1989 verum,
508 1931 568 1981 falso
585 1930 703 1987 erimine,
720 1931 791 1980 deme
806 1929 888 1982 fide'm.

310 2004 351 2055 Sic'
361 2003 405 2053 tihi
416 2001 507 2069 semper
517 2004 612 2062 honos,
631 2004 665 2052 sic
677 2015 745 2054 curta
755 2005 851 2071 peculia
862 2004 995 2072 crescent3

266 2094 302 2142 40
346 2076 407 2127 Haec
421 2076 494 2136 sace,
514 2078 540 2128 dt
554 2078 643 2145 exiguo
657 2088 767 2143 tempore
781 2077 843 2127 liber
859 2078 916 2128 eris.

310 2150 404 2218 Aspicis
418 2149 535 2201 indicibus
551 2167 625 2201 nexas
641 2166 685 2216 per
702 2151 766 2201 colla
782 2163 898 2201 catenas:

348 2224 474 2290 Squalidus
491 2226 549 2274 orba
564 2222 613 2275 fide
628 2222 725 2289 petlora
744 2240 827 2275 carcer
843 2224 925 2274 habet.

313 2296 408 2362 Quaerit
417 2300 494 2363 'aquas
510 2298 534 2347 in
548 2298 634 2364 aquis,
650 2296 761 2362 &poma
777 2297 869 2365 fugacia
886 2306 969 2362 captet

346 2369 463 2419 Tantalus
478 2385 486 2420 ι
501 2370 548 2419 hoc
562 2370 598 2419 illi
611 2370 705 2437 garrula
721 2363 801 2437 lingua
817 2368 894 2419 dedit.

266 2455 298 2503 45
310 2441 377 2490 Dum
390 2438 485 2490 nimium
500 2443 577 2492 servat
593 2440 671 2492 custos
685 2442 800 2494 Iunonius
816 2442 863 2499 lo,
891 2486 894 2494 .

348 2510 413 2562 Ante
430 2512 484 2563 suos
499 2531 573 2563 annos
591 2515 682 2565 occidit
691 2532 701 2573 5
718 2508 830 2566 illa'Dea
845 2514 888 2567 est.

310 2586 369 2642 Vidi
383 2602 429 2652 ego
445 2587 598 2653 compedibus
614 2588 712 2638 liventia
726 2604 794 2638 crura
807 2580 953 2656 gerentem,

348 2658 420 2709 Unde
437 2659 473 2709 vir
488 2660 602 2710 incestum
617 2660 676 2711 scire
691 2660 786 2713 coastus
803 2674 864 2712 erat.

313 2732 387 2784 Poena
401 2732 477 2784 minor
493 2735 579 2784 merito
593 2750 600 2785 :
615 2734 699 2786 nocuit
712 2736 774 2785 mala
786 2730 868 2803 lingua
883 2735 999 2788 duobus}

270 2818 306 2867 50
353 2807 396 2857 Vir
412 2806 508 2865 doluit,
527 2807 594 2859 samse
611 2808 694 2857 damna
709 2810 790 2874 puella
805 2809 869 2859 tulit.

314 2876 397 2927 Crede'
412 2880 488 2938 milri,
506 2882 565 2931 nulli
579 2881 631 2930 sunt
647 2881 745 2931 crimina
761 2892 827 2948 grata
842 2879 951 2931 marito:

349 2950 403 2999 Nec
420 2968 577 3018 quemquam,
595 2954 700 3020 quamvis
715 2952 795 3001 audiet
807 2951 866 3008 illa,
881 2950 979 3016 juvant.

314 3022 362 3074 Seu
377 3033 463 3089 tepet,
480 3024 592 3075 indicium
609 3026 701 3074 securas
717 3022 797 3088 perdis
813 3022 844 3072 ad
860 3040 954 3088 auten

349 3092 405 3145 Sive
420 3106 500 3168 amat.
520 3098 611 3159 indicio
625 3095 653 3149 fit
666 3093 736 3148 miser
750 3093 792 3148 ille
806 3107 862 3153 tuo.
893 3125 895 3128 ·

449 3296 460 3326 l
