2392 3892
259 460 328 519 na·
345 444 467 513 Aura
486 442 675 513 Arctum
701 442 741 513 L.
770 445 819 516 II.
848 466 928 542 227
963 435 966 442 ’

217 566 294 620 Aurea
311 579 379 616 nunc
392 560 453 612 veri
468 559 520 612 sunt
534 561 614 611 secula
630 577 638 613 a
656 564 770 629 plurimus
783 583 842 617 auro

249 638 329 694 Venit
343 637 425 686 honos
440 651 449 685 a
466 651 526 685 auro
542 636 686 686 conciliatur
702 654 778 687 amor.

217 713 265 781 ipse
281 712 345 763 iicet
362 707 442 759 Musis
458 707 542 757 venias
559 709 705 768 comitatus,
725 710 855 772 Homere3

249 779 274 837 'si
289 784 352 835 nihil
366 781 496 839 scruteris,
515 781 578 839 ibis,
595 781 724 843 Homere,
743 784 818 834 foras.
934 788 986 840 280

217 857 274 911 Sunt
289 869 374 909 nmen
391 854 417 908 δι
432 853 528 914 dosia,
545 855 663 905 rarissima
679 858 767 915 turba,
786 859 892 923 puellae:

249 931 339 982 Altera
354 944 406 980 non
419 927 495 978 uouae
511 929 601 987 turba,
619 929 660 979 sed
676 929 723 980 effe
738 932 834 981 volunt.

216 1005 328 1071 Utraque
342 1002 473 1052 laudentur
486 1017 531 1067 per
546 1002 651 1052 carmina
668 1018 675 1053 :
694 1005 797 1066 carmina
812 1004 889 1055 letior

249 1074 416 1128 Commendet
431 1074 495 1123 duici
510 1071 692 1142 qualiacumque
708 1076 777 1128 sono.

217 1148 261 1201 nis
279 1163 360 1217 ergo,
378 1146 498 1205 aurinis,
516 1148 640 1214 vigilatum
657 1166 753 1201 carmen
769 1152 794 1201 in
811 1150 891 1219 ipsas,
936 1153 986 1217 285

252 1221 365 1274 Forsitan
381 1219 463 1288 exigui
479 1222 584 1271 muneris
601 1221 670 1272 insiar
687 1224 742 1274 erit.

217 1294 271 1354 At,
286 1295 353 1364 quod
371 1292 423 1343 etis
433 1308 479 1359 per
492 1303 520 1360 te
535 1293 659 1351 staurus,
676 1295 702 1345 δι
718 1297 778 1347 utile
793 1298 892 1359 credis,
916 1273 946 1330 ,

252 1368 282 1418 id
297 1380 340 1417 tua
355 1377 382 1415 te
398 1366 474 1416 sacito
492 1365 585 1431 semper
599 1366 676 1416 amica
691 1381 774 1435 roget.

217 1440 328 1492 Libertas
343 1438 416 1489 alicui
432 1438 505 1490 fuerit
519 1437 629 1504 promissa
644 1450 762 1499 tuorum3

253 1514 325 1564 Hanc
341 1522 422 1562 tanen
436 1528 450 1561 a
467 1512 562 1561 domina
577 1511 616 1562 fac
631 1523 700 1578 petat
715 1514 756 1565 ille
771 1505 838 1567 tui.¹
934 1531 991 1581 290

214 1587 243 1639 'Si
258 1601 357 1654 mrum
370 1584 461 1644 servo,
477 1585 498 1635 si
511 1586 608 1636 vincula
624 1585 685 1636 saeva
696 1587 798 1638 remittis
810 1603 822 1646 3

252 1660 331 1725 Quod
344 1658 448 1709 satiunu
463 1675 536 1718 eras,
556 1660 645 1709 debeat
661 1660 701 1709 iila
716 1661 770 1711 tibi.

218 1733 318 1784 Utisrtas
333 1741 376 1781 tua
391 1732 443 1790 sit,
458 1731 543 1783 titulus
560 1733 665 1782 donetur
680 1734 774 1785 amicat.

254 1805 335 1856 Perse
351 1804 410 1854 nihil
425 1820 433 1854 ε
449 1818 531 1870 partes
546 1804 587 1856 illa
604 1807 711 1871 potentis
727 1818 793 1875 agat·

219 1879 266 1929 Sed
286 1890 331 1936 re,
351 1878 492 1948 cuicumque
509 1877 542 1928 est
555 1878 691 1930 retinenda
706 1897 762 1930 cura
778 1882 885 1949 puella,
938 1896 989 1947 295

257 1950 393 2001 Attonitum
409 1950 485 2001 sormi
499 1953 538 2002 sac
554 1965 625 2019 putet
638 1953 686 2003 effe
700 1953 750 2004 sui.

218 2023 277 2075 Sive
293 2023 340 2074 etit
353 2022 378 2091 in
394 2023 495 2091 Tyriis;
511 2025 603 2092 Tyrios
618 2027 726 2076 laudabis
740 2028 858 2079 amians:

255 2096 314 2148 Sive
330 2097 377 2146 erit
393 2096 417 2145 in
435 2095 518 2154 Co'is3
538 2096 592 2145 Coa
608 2097 698 2146 decere
715 2111 783 2162 puta.

217 2170 311 2221 Aurata
324 2161 380 2227 est‘3
399 2168 450 2233 ipso
463 2169 506 2218 tibi
522 2169 554 2218 sit
568 2168 701 2233 pretiosior
717 2186 777 2218 auro
790 2186 797 2218 ε

205 2241 215 2286 '-
256 2241 368 2308 Gausapa
384 2242 405 2290 si
422 2240 523 2296 sumsita
540 2240 644 2308 gausapa
658 2240 734 2290 stirnta
750 2243 837 2310 proba.
943 2254 997 2308 300

221 2314 331 2368 Astiterit
343 2314 451 2365 tunicata
463 2331 473 2371 3
492 2311 582 2363 Movet
596 2313 725 2371 incendia,
745 2316 843 2366 clamat

256 2388 307 2438 Sed
323 2386 425 2445 timidi,
445 2399 532 2436 caveat
547 2387 659 2454 frigora,
678 2402 742 2436 voce
757 2403 826 2455 roga.

218 2461 391 2526 Cornpositum
407 2460 537 2510 discrimen
551 2461 620 2519 erit;
638 2459 770 2510 discrimina
785 2460 877 2511 iaudat

191 2596 197 2609 ί
256 2531 371 2582 Torserit
387 2534 442 2599 igne
459 2549 573 2592 romanu
588 2534 669 2584 Torta
686 2534 792 2601 capiile,
808 2538 888 2602 place.

217 2605 324 2659 Brachia
339 2605 466 2663 saltantis,
483 2622 571 2655 vocem
586 2609 674 2657 mirare
691 2609 819 2659 canentis:
944 2616 996 2672 305

259 2674 292 2725 Et
304 2673 394 2740 ,quod
408 2676 523 2734 desierit,
541 2680 616 2729 verba
633 2682 757 2744 querentis
774 2681 846 2728 habe.

220 2750 292 2818 Ipsos
308 2747 472 2805 concubitus,
492 2749 565 2814 ipsum
580 2768 700 2801 venerere
717 2751 819 2810 licebit,

260 2821 338 2887 Quod
353 2820 442 2888 juvata
460 2820 487 2871 &
503 2821 603 2887 queruli
614 2824 706 2890 'gaudia
721 2839 785 2874 voce
801 2837 884 2878 notes.

224 2898 261 2949 Ut
278 2896 352 2947 suerit
368 2892 439 2945 torvi
455 2894 588 2945 violentior
603 2896 644 2945 iila
659 2895 784 2958 Medusir

262 2970 317 3021 Fiet
334 2969 435 3020 amatori
452 2969 513 3019 lenis
531 2968 557 3019 &
574 2986 642 3037 aequa
657 2971 709 3022 suo.
945 2988 999 3041 3¹0

226 3041 351 3103 Tarnim,
369 3062 400 3095 ne
415 3056 499 3112 pateas
517 3044 592 3094 turbis
609 3045 733 3096 simulator
749 3045 853 3108 inillis,

265 3114 340 3169 Effice
356 3134 364 3170 t
380 3136 426 3175 nec
441 3119 512 3173 ruta
526 3117 622 3173 destrue
637 3118 697 3172 dista
711 3132 764 3175 tuo.

825 3210 852 3264 K
865 3207 891 3280 vj
