2392 3892
232 458 391 529 Lrnna
418 452 485 523 III.
513 395 709 522 Eunaia
735 455 782 539 X.
816 455 889 547 189

186 579 234 628 Nec
246 590 328 627 tamen
343 574 395 632 est,
415 573 521 640 quamvis
536 589 608 639 agros
622 586 686 622 amet
700 575 740 624 illa
756 576 866 635 feraces,

216 648 310 700 Rustica
326 663 333 698 ε
350 663 396 696 nec
410 645 508 695 viduum
523 646 606 712 petius
623 647 710 696 amoris
724 650 806 698 habet.
884 671 891 681 ·

187 723 267 773 Cretes
284 731 356 771 erunt
372 719 445 769 testes
463 735 470 769 ι
487 734 532 767 nec
548 716 641 785 fingunt
655 720 733 769 omnia
750 720 859 780 Cretes;

218 794 326 851 Cretes,
347 792 440 841 nutrito
456 802 522 841 terra
539 790 638 856 superba
652 791 725 843 Jove.
826 830 828 834 .
859 832 863 838 .
881 833 884 838 .
898 808 932 845 20

187 867 252 926 Illic,
270 866 391 917 sideream
406 864 446 931 qui
463 863 543 913 mundi
558 876 678 930 temperat
693 882 793 926 arcem,

197 949 199 953 '
217 940 323 1007 Exiguus
338 950 426 988 tenero
441 938 479 986 lac
495 936 555 985 bibit
569 952 612 986 ore
629 954 699 1003 puer.

186 1010 272 1081 Magna
287 1009 348 1061 fides
364 1009 419 1060 testi
436 1008 524 1059 :testis
540 1010 650 1059 laudatur
666 1013 772 1064 alumno.

219 1083 337 1135 Faffuram
353 1082 471 1136 Cererem
487 1080 584 1134 ‘crimina
598 1094 658 1132 nota
675 1097 744 1149 puto.

186 1156 287 1210 Viderat
302 1156 389 1206 lasium
407 1154 501 1205 Cretaei
515 1156 579 1204 Diva
596 1156 637 1206 sub
655 1156 697 1207 ldt
899 1171 933 1221 25

219 1230 346 1297 Figentem
360 1226 427 1277 certi
441 1241 510 1295 terga
526 1228 602 1277 ferina
618 1246 698 1279 manu.

187 1302 273 1361 Vidit,
288 1301 314 1352 ἃ
326 1313 354 1351 ut
369 1313 460 1351 tenerae
477 1302 592 1348 flammam
608 1317 709 1365 rapuere
725 1301 856 1354 medullae:

220 1374 284 1424 Hinc
301 1373 398 1439 pudor,
416 1390 447 1422 ex
462 1373 507 1422 alia
524 1385 592 1438 parte
607 1374 717 1423 trahebat
731 1391 807 1430 amor.

187 1446 268 1499 Vinus
281 1463 364 1497 amore
381 1446 459 1511 pudor
474 1461 480 1495 :
498 1444 575 1495 sulcos
592 1461 660 1495 arere
675 1445 790 1504 videres,

220 1520 251 1570 Et
268 1518 317 1569 suta
336 1536 390 1569 cum
406 1518 499 1568 minima
516 1530 584 1584 parte
598 1517 678 1567 redire
695 1517 737 1567 sui.
901 1530 936 1581 30

188 1590 248 1644 Ciam
262 1594 325 1641 bene
341 1591 421 1658 jaebati
437 1591 556 1657 pulsarant
569 1607 626 1639 arva
641 1590 753 1658 ligones,

220 1665 329 1730 Ruperat
344 1664 371 1714 ὅ(
389 1663 471 1713 duram
486 1680 571 1713 vomer
585 1664 690 1713 aduncus
705 1664 820 1721 humum,

189 1737 328 1803 Seminaque
342 1737 367 1787 in
381 1739 443 1787 latos
460 1737 536 1785 ierant
551 1738 676 1801 'aequaliter
690 1753 760 1804 agros
772 1754 781 1795 3

221 1810 292 1860 irrita
306 1809 403 1875 decepti
420 1821 479 1859 vota
494 1810 596 1858 colentis
614 1821 690 1858 erant.

188 1881 250 1931 Diva
264 1915 272 1939 ,
287 1893 375 1947 potens
389 1883 502 1948 frugum,
520 1883 584 1931 silvis
604 1881 706 1933 cetsabat
721 1882 745 1931 in
762 1881 836 1935 altiss
900 1894 913 1947 3
920 1896 933 1945 5

216 1955 372 2005 Deciderant
385 1955 463 2021 longae
480 1955 557 2020 spicea
573 1955 634 2005 serta
651 1972 736 2006 comae.
814 1985 816 1992 ν

189 2026 244 2078 Sola
259 2027 306 2077 fuit
322 2026 396 2078 Crete
411 2027 515 2076 fecundo
532 2027 618 2079 fertilis
632 2046 704 2078 anno.

223 2099 331 2158 Omnia,
349 2103 395 2167 qua'r
410 2101 501 2149 tulerat
515 2100 538 2148 se
555 2100 630 2156 Dea,
647 2100 732 2164 messis
748 2111 827 2148 erant.

187 2172 239 2237 lpse
254 2173 322 2222 locus
338 2189 462 2222 nemorum
475 2205 482 2229 ,
500 2172 602 2221 canebat
617 2172 744 2237 frugibus,
759 2171 821 2229 lde,

222 2244 254 2293 Et
269 2245 334 2295 ferus
348 2246 373 2296 in
389 2246 448 2295 silva
463 2244 525 2293 farra
541 2243 648 2293 metebat
663 2258 732 2307 aper.
902 2256 938 2303 4ο
985 2292 987 2294 ,

189 2316 293 2383 Optavit
307 2317 390 2372 Minos
407 2316 496 2367 similes
513 2315 558 2364 sibi
575 2316 661 2382 legifer
678 2329 774 2364 annos:

224 2390 328 2454 Optavit
343 2390 440 2440 Cereris
454 2391 540 2456 longus
556 2402 584 2437 ur
601 2387 749 2438 efferamur.

189 2461 263 2527 Quod
279 2463 323 2510 ribi
339 2462 457 2513 secubitus
472 2462 567 2520 tristes,
587 2462 643 2511 Dea
658 2462 737 2519 flava,
755 2456 870 2518 t'uiffent3

225 2534 282 2583 Hoc
300 2550 376 2601 sogor
390 2536 461 2585 sacris
477 2552 539 2584 nunc
557 2552 604 2603 ego
622 2535 686 2585 ferre
700 2534 770 2584 tuis.v

187 2606 238 2657 Cur
256 2612 303 2672 ego
317 2606 366 2656 sum
380 2607 467 2665 tristis,
485 2607 537 2657 crim
551 2610 583 2659 sit
598 2608 642 2659 tibi
658 2619 712 2656 nata
727 2604 848 2672 reperta?
903 2620 937 2668 45
981 2547 1001 2727 ὃ

227 2678 381 2743 Regnaque,
397 2683 465 2743 quim
481 2679 564 2739 Juno,
581 2682 646 2731 sorte
661 2680 753 2728 minora
768 2676 859 2745 regat?

188 2751 207 2803 F
210 2750 255 2799 esta
268 2748 320 2798 dies
331 2750 501 2816 Veneremque
511 2767 598 2813 vocar,
611 2766 744 2817 cantusque
754 2766 892 2817 merumque
904 2766 912 2801 t

227 2822 290 2889 Haec
308 2821 380 2875 decet
393 2822 424 2874 ad
438 2821 547 2875 dominos
561 2842 660 2877 munera
674 2825 739 2878 ferre
754 2823 837 2876 Deos·

502 2964 659 3085 *W
