2392 3892
350 456 478 525 Nox.
507 458 723 525 Enim.
823 479 896 553 301

193 573 218 628 Si
232 572 292 625 licet
305 574 354 624 boc
371 608 378 633 ‚
393 576 460 625 oleas
474 574 604 643 distringite
621 593 628 627 ε
645 576 731 626 cedite
743 574 837 631 messes.
913 592 963 646 135

228 649 360 713 Improbe,
375 648 480 697 vicinum
495 665 585 713 carpe,
599 650 697 707 viator,
713 651 778 700 olus.

191 721 270 773 Intret
286 722 312 771 ὅ(
326 722 427 771 urbanas
442 721 526 771 endem
540 724 672 787 petulantia
689 735 792 789 portas;

229 795 315 860 Sitque
330 794 377 843 tuis
392 795 483 852 muris,
497 794 621 854 Romule,
635 794 695 861 juris
710 796 784 848 idem.

193 866 306 932 Quilibet
321 879 447 934 argentum
461 866 541 932 primae
556 867 586 917 de
602 869 683 919 fronte
696 870 804 921 taberne

229 940 337 989 Tollat:
358 940 384 990 δι
398 940 428 988 ad
442 956 546 1007 gemmas
561 942 662 1006 quilibet
675 944 737 993 alter
752 954 802 992 eat.
914 954 965 1005 140

192 1012 299 1064 Auferat
313 1013 353 1061 hic
369 1029 470 1071 aurum,
487 1015 627 1080 peregrinos
642 1015 683 1064 ille
698 1016 814 1081 lapillos:

229 1087 262 1136 Et
278 1085 436 1152 quascumque
449 1085 528 1151 potest
541 1087 649 1147 tollere,
665 1090 736 1137 tollat
751 1105 820 1153 opes.

193 1159 242 1209 Sed
258 1175 338 1224 neque
350 1160 486 1209 tolluntur:
499 1176 560 1217 nec,
572 1160 628 1209 dum
639 1163 701 1229 tegit
712 1163 791 1211 omnia
803 1160 901 1218 cesar,

229 1227 380 1289 Incolumis,
396 1243 464 1280 tanto
479 1232 597 1297 ptaeside‚
614 1247 695 1299 raptor
710 1236 765 1284 erit.
1041 1292 1043 1295 v

192 1303 227 1354 At
241 1320 290 1352 non
305 1304 346 1352 ille
361 1304 431 1354 Deus
445 1320 529 1368 pacem
543 1306 608 1354 intra
621 1306 708 1355 moenIa
722 1306 795 1359 finit:
914 1320 963 1370 145

229 1376 421 1426 Auxilium-toto
439 1377 525 1443 fpargit
539 1378 564 1426 in
578 1378 638 1427 orbe
654 1378 729 1428 fuum.

193 1449 263 1514 Quid
277 1461 358 1498 tamen
366 1450 420 1500 .hoc
437 1449 547 1514 prodest,
563 1451 641 1499 medii
655 1452 675 1500 si
690 1453 744 1501 luce
758 1452 884 1519 palamque

230 1521 377 1580 Verberet,
394 1522 419 1571 δι
433 1534 493 1572 tutae
507 1539 555 1571 non
572 1523 631 1572 licet
646 1522 692 1573 effe
708 1524 787 1574 mihi?

191 1595 260 1661 Ergo
276 1611 322 1644 nec
337 1595 407 1644 nidos
422 1594 485 1645 foliis
501 1596 611 1654 haerere,
627 1613 673 1645 nec
688 1598 762 1646 ullam

231 1668 334 1717 Sedibus
349 1669 373 1716 in
388 1667 470 1716 nostris
485 1666 544 1717 stare
558 1669 647 1717 videtis
661 1686 740 1719 avem.

193 1740 229 1791 At
242 1741 318 1805 lapis,
334 1741 359 1789 in
375 1757 441 1789 ramo
457 1740 516 1789 sedit
532 1741 675 1808 quicunque
689 1743 803 1802 bifurco,

231 1812 335 1871 Haetet,
352 1814 376 1863 ὅ(
393 1824 419 1861 ut
435 1811 505 1877 capti
517 1812 594 1862 vietor
610 1814 634 1862 in
650 1831 706 1864 aree
722 1828 813 1868 manet.

193 1886 285 1936 Cetera
301 1886 361 1951 saepe
378 1898 459 1936 tamen
474 1897 578 1952 potuere
593 1885 687 1936 admilla
701 1889 804 1957 negati,

232 1959 263 2007 Et
281 1960 371 2008 crimen
385 1976 436 2008 vox
450 1959 484 2009 'est
499 1958 603 2009 inficiata
619 1960 695 2011 suum.

194 2031 282 2082 Nostra
296 2043 364 2081 notat
379 2031 445 2090 fusco
461 2033 549 2097 digitos
564 2031 649 2097 injuria
665 2034 760 2092 succo,

233 2105 334 2154 Cortice
349 2104 469 2154 contadias
484 2103 607 2153 inficiente
622 2122 714 2154 manus.

194 2178 239 2229 llle
257 2194 329 2227 cruor
345 2194 412 2227 meus
430 2176 463 2226 est
479 2194 487 2228 ε
504 2178 547 2226 illo
564 2177 683 2226 maculata
698 2192 790 2228 cruore

232 2252 290 2300 Non
307 2250 443 2317 profefiuri
458 2252 542 2300 dextra
561 2251 655 2299 levatur
671 2248 741 2315 aqui.

195 2324 221 2374 O
236 2322 242 2372 !
257 2340 321 2390 ego,
341 2322 394 2373 etim
412 2324 490 2391 longae
506 2334 628 2375 venerunt
643 2323 715 2372 taedia
730 2323 811 2382 vitoe,

233 2396 326 2461 Optavi
344 2398 438 2463 quoties
457 2397 525 2449 arida·
540 2396 602 2445 fadia
618 2395 699 2445 mori!
915 2393 968 2447 160

196 2468 290 2535 Optavi
307 2470 419 2535 quoties,
438 2483 479 2519 aut
495 2486 562 2518 caeco
578 2469 676 2518 turbine
694 2468 758 2518 vetti
769 2501 780 2527 ,,

205 2583 210 2591 1
232 2543 284 2592 Aut
299 2543 379 2591 valido
396 2544 460 2592 missi
476 2544 579 2592 fulminis
595 2543 653 2609 igne
670 2542 741 2608 peti!

195 2615 278 2680 Atque
289 2616 380 2664 utinam
389 2617 470 2665 subitae
479 2627 593 2681 raperent
604 2632 656 2663 mea
665 2631 737 2679 poma
746 2615 861 2679 procelle
873 2610 881 2662 l

232 2689 284 2742 Vel
300 2688 389 2751 podem
405 2688 493 2739 fruiius
511 2700 627 2738 excutere
643 2687 692 2752 ipsa
709 2685 795 2736 meos!

197 2762 237 2812 Sic
250 2794 263 2818 p
277 2760 318 2809 ubi
333 2759 436 2809 detrada
452 2760 485 2809 est
500 2773 551 2811 ate
567 2761 612 2810 tibi
623 2760 692 2809 causa
702 2759 805 2825 pericli,
919 2756 968 2822 165

235 2832 311 2896 Quod
322 2832 424 2897 superest
434 2866 445 2890 ‚.
460 2845 556 2893 tutum,
576 2832 678 2883 Pontice
690 2832 765 2881 castor
777 2864 785 2889 ,
802 2831 888 2884 habes·

198 2906 268 2970 Quid
278 2906 335 2955 mibi
346 2917 404 2954 tunc
413 2905 484 2954 animi
494 2908 526 2957 est
537 2940 546 2966 ,
566 2903 620 2955 edm
632 2905 701 2954 sumit
711 2907 761 2954 tela
772 2903 851 2954 viator
861 2920 875 2962 3

236 2980 317 3045 Atque
334 2979 410 3028 oculis
420 2979 496 3044 plagae
513 2979 612 3029 destinat
622 2991 678 3027 ante
694 2980 775 3028 locum
787 2975 800 3025 l

199 3053 255 3104 Nec
267 3054 341 3103 vitare
359 3053 418 3102 licet
427 3064 494 3101 moto
512 3052 564 3101 feta
581 3054 684 3102 verbera
702 3064 808 3108 trunco,

240 3122 371 3189 Quemsub
382 3128 454 3179 humo
465 3124 670 3192 radixvinclaque
681 3122 748 3176 firme
758 3134 857 3178 tenent.
921 3135 972 3186 170
986 3124 994 3134 '
