2392 3892
261 479 417 547 Lrnsn
445 477 497 545 ΙΙ.
522 480 708 547 Eancu
733 477 814 547 VII.
846 496 917 573 153

215 598 271 650 Ossa
288 598 351 665 tegit
367 597 471 646 tumulus
488 599 613 647 :tumulus
629 612 673 663 pro
691 611 794 659 corpore
811 614 917 662 parvus:

250 670 309 734 Quo
324 670 383 735 lapis
401 669 502 736 exiguus
519 688 560 734 par
578 670 623 719 sibi
640 684 736 717 carmen
751 669 833 718 haber.
930 668 964 720 60

212 743 324 810 ¹Colligor
343 759 374 791 ex
387 741 437 808 ipso
457 742 559 792 dominae
576 740 687 807 placuisse
702 740 832 805 sepulcro:

250 815 303 867 Ora
321 814 389 864 suere
407 814 463 863 mihi
482 816 533 880 plns
551 832 594 864 ave
613 814 681 863 dodla
699 813 775 878 loqui.

244 921 890 994 ‹ssz——aeafffflm

362 1039 616 1102 ELEGIA
663 1039 773 1102 VII.

218 1130 271 1254 E
282 1214 302 1250 n
310 1212 355 1250 co
368 1216 415 1267 ego
425 1197 537 1250 sufficiam
547 1216 603 1250 reus
613 1199 638 1248 in
648 1216 712 1248 nova
722 1198 819 1249 crimina
830 1198 923 1264 semper
934 1195 946 1247 i

249 1274 285 1323 Ut
301 1274 414 1331 vincam,
434 1273 508 1322 toties
527 1272 654 1321 dimicuisse
671 1274 747 1338 piget.

217 1344 268 1395 Sive
285 1362 333 1413 ego
351 1345 479 1395 marmorei
495 1345 590 1409 respexi
606 1344 693 1392 summa
710 1345 820 1401 theatri3

249 1417 322 1486 Eligis
339 1435 353 1468 e
369 1418 469 1475 multis,
487 1418 551 1465 unde
569 1417 652 1466 dolete
667 1417 738 1465 velis.

217 1489 321 1540 Candida
335 1490 376 1541 seu
390 1491 466 1541 tacito
485 1506 524 1538 me
539 1489 599 1538 vidit
616 1488 706 1538 semina
721 1489 811 1548 vultu,
930 1502 942 1550 5

249 1563 277 1612 ln
294 1563 365 1613 vultu
378 1564 463 1613 tacitas
480 1563 560 1629 arguis
577 1560 624 1612 elle
639 1573 719 1611 notas.

216 1634 239 1684 si
256 1652 325 1699 quam
342 1636 455 1693 laudavi;
474 1636 571 1694 miseros
589 1635 652 1699 petis
669 1632 751 1701 ungue
764 1633 882 1699 capillos:

249 1708 274 1756 Si
292 1709 384 1774 culpo,
403 1709 493 1758 crimen
510 1708 658 1758 dissimulare
676 1720 755 1772 putas.

216 1779 269 1829 Sive
282 1781 360 1831 bonus
376 1784 445 1832 color
461 1780 513 1838 est,
531 1782 555 1830 in
572 1793 597 1829 re
614 1797 710 1846 quoque
726 1779 826 1846 frigidus
842 1778 909 1836 esse3

250 1853 299 1902 Seu
317 1855 411 1913 malus,
431 1854 528 1904 alterius
548 1856 616 1903 dicor
632 1870 714 1902 amore
731 1852 801 1902 mori.
872 1892 874 1896 .
933 1865 964 1899 ιο

216 1923 295 1991 Atque
311 1942 357 1995 ego
374 1928 468 1993 peccati
482 1928 571 1977 vellem
585 1928 642 1977 mihi
659 1926 768 1977 conscius
782 1924 872 1975 essem:

248 1994 330 2065 AEquo
345 2002 424 2049 animo
440 2017 553 2065 poenam,
572 2002 613 2066 qui
627 2016 755 2057 meruere,
775 1998 867 2048 serunt.

215 2071 283 2120 Nunc
293 2072 385 2122 temere
395 2073 516 2121 insimulas
529 2089 536 2123 ι
549 2073 719 2136 credendoque
729 2071 809 2119 omnia
819 2069 901 2119 srustra
911 2101 919 2128 ,

251 2144 301 2208 lpsa
317 2155 386 2194 vetas
403 2145 462 2193 iram
478 2144 573 2208 pondus
589 2144 679 2192 habere
695 2156 770 2191 tuam.

214 2214 319 2282 Aspice,
335 2228 362 2264 ut
377 2215 467 2264 auritus
485 2215 621 2264 miserandae
636 2214 704 2263 sortis
719 2212 823 2271 asellus,
935 2217 964 2273 ἰς

249 2289 354 2339 Assiduo
369 2287 472 2337 domitus
487 2289 605 2344 verbere,
623 2287 703 2335 lentus
720 2296 768 2335 eat.
943 2342 946 2346 ,

215 2360 302 2420 Ecce,
321 2377 411 2411 novum
427 2360 537 2419 crimen,
556 2360 640 2410 sollers
659 2375 746 2408 ornare
763 2354 880 2424 Cypassis

251 2433 374 2500 Objicirur
392 2433 494 2484 dominae
510 2432 681 2485 contemerasse
697 2445 787 2481 rorum.

215 2504 248 2556 Di
262 2508 366 2566 melius,
384 2510 454 2572 quam
469 2523 508 2556 me
520 2542 530 2566 ,
544 2508 565 2557 si
579 2508 611 2557 sir
623 2504 731 2573 peccasse
746 2503 842 2561 libido,

250 2579 352 2628 Sordida
372 2593 502 2630 contemta
517 2580 587 2631 sortis
604 2581 679 2629 amica
695 2576 784 2643 juvet!
933 2588 967 2623 20

217 2649 276 2715 Quis
294 2652 402 2705 Veneris
418 2651 513 2703 famulae
529 2655 647 2702 connubia
664 2653 726 2701 liber
743 2650 827 2704 inire,

249 2724 382 2790 Tergaque
402 2725 528 2789 complesti
544 2727 647 2775 verbere
665 2724 727 2772 sedla
741 2716 824 2771 velit?

214 2795 305 2855 Adde,
327 2794 393 2861 quod
411 2797 522 2845 ornandis
540 2797 580 2845 illa
596 2797 630 2845 est
648 2806 748 2866 operata
767 2788 881 2856 capillis;
903 2830 908 2841 -.

252 2870 284 2920 Et
301 2869 345 2919 tibi
361 2884 405 2934 per
422 2868 501 2917 dofras
517 2881 583 2935 grata
598 2867 700 2917 ministra
714 2882 810 2915 manus.
882 2913 885 2918 ,

216 2942 316 2991 Scilicet
331 2942 461 2999 ancillam,
477 2957 529 3007 quae
545 2952 594 2989 tam
606 2940 648 2990 tibi
664 2938 730 2997 fida,
747 2934 880 3005 rogarem?
933 2954 948 2987 2
954 2953 966 3001 ς

253 3011 343 3076 Quid?
362 3015 406 3064 nisi
423 3028 450 3065 ut
468 3014 558 3064 indicio
573 3014 654 3080 junlla
669 3011 764 3078 repulsa
781 3008 868 3062 soret?

217 3083 266 3136 Per
283 3087 403 3137 Venerem
417 3088 493 3154 juro,
514 3089 631 3155 puerique
646 3086 750 3137 volatilis
767 3100 858 3142 arcus,

254 3156 299 3209 Me
316 3175 366 3211 non
382 3162 479 3216 admissi
494 3162 597 3215 criminis
615 3159 662 3214 esle
678 3176 756 3213 reum.

827 3229 883 3283 Gr
