2392 3892
285 467 567 537 Ennomus.
592 465 672 536 En.
697 457 832 535 XVIII.
875 463 926 555 89

207 584 250 637 An
267 586 319 636 fera
334 584 462 636 Centauris
477 584 584 634 indicere
600 583 663 633 bella
680 584 762 651 co'c'git
868 592 873 602 ¹

247 659 345 709 Atracis
364 657 502 708 Haemonios
520 657 681 724 Hippodamia
695 653 784 706 viros?

207 729 252 781 Tu
268 732 323 781 fore
340 744 388 781 ram
402 731 464 797 justa
475 733 567 781 lentum
584 729 718 779 Menelaon
734 731 758 779 in
773 730 826 787 ira,

246 804 281 853 Et
297 806 406 871 geminos
422 804 528 862 fratres,
545 803 748 871 Tyndareumque
763 799 856 868 putas?
929 816 982 864 250

206 875 291 942 Quod
304 878 368 926 bene
387 889 417 925 te
429 875 520 940 jarras,
538 876 564 926 ἃ
577 876 648 925 fortia
660 875 722 925 falla
736 874 868 933 recenses,

247 951 272 1000 Α
289 951 371 999 verbis
386 949 461 997 facies
477 948 575 999 dissidet
589 948 630 997 illa
645 948 701 999 fuis.

206 1022 279 1089 Apta
296 1022 372 1087 magis
382 1021 489 1079 Veneri,
506 1023 577 1088 qulm
589 1020 643 1072 sunt
652 1034 693 1073 tua
709 1036 814 1088 corpora
825 1019 911 1071 Marti.

237 1096 323 1157 ¹Bella
333 1106 416 1161 gerant
426 1094 502 1144 fortes
514 1110 521 1145 τ
534 1107 579 1154 tu,
596 1093 667 1155 Pari,
681 1097 775 1162 semper
789 1111 850 1144 ama.

205 1166 342 1225 Hectora,
359 1184 428 1233 quem
442 1168 542 1226 laudas,
561 1184 607 1234 pro
620 1181 646 1218 re
660 1185 768 1237 pugnare
782 1168 889 1237 jubeto:
929 1181 945 1216 2
949 1178 981 1229 55

248 1238 341 1290 Militia
356 1239 388 1289 est
404 1242 484 1305 operis
499 1242 577 1289 altera
593 1242 665 1306 digna
680 1243 737 1291 tuis.

209 1312 259 1363 ldis
276 1328 343 1379 ego,
361 1313 381 1362 si
396 1312 525 1377 faperem,
544 1313 665 1375 pauloque
680 1311 793 1361 audacior
811 1312 902 1373 effem,

248 1384 344 1434 Uterer
360 1400 368 1433 t
383 1394 489 1441 utetur,
504 1383 524 1444 si
540 1398 587 1447 qua
605 1383 685 1448 puella
701 1384 767 1449 sapit.

212 1458 264 1508 Aur
279 1472 350 1524 ego,
369 1455 500 1521 deposito,
515 1455 601 1506 faciam
617 1455 732 1516 forrass'e,
747 1454 840 1522 pudore
851 1470 870 1516 ς’

249 1530 281 1579 Et
298 1529 362 1578 dabo
378 1527 516 1595 conjunctas
532 1540 647 1593 tempore
663 1528 724 1579 vida
740 1545 835 1579 manusr
935 1527 987 1579 260

214 1602 290 1667 Quod
303 1602 387 1667 petis,
404 1615 431 1652 ut
444 1602 526 1651 furtim
540 1602 672 1668 praefentes
686 1604 754 1669 plura
768 1605 916 1669 loquamur3

250 1675 347 1724 Scimus
362 1675 420 1741 quid
437 1687 539 1740 captes,
562 1676 758 1742 colloquiumque
775 1692 859 1725 voces.

216 1748 264 1799 sed
275 1745 372 1797 nimidm
381 1764 517 1813 properas,
533 1748 559 1797 δι
570 1748 649 1797 adhuc
660 1761 701 1798 tua
711 1749 795 1799 messis
806 1750 830 1799 in
841 1748 915 1799 herba
926 1742 969 1797 estss

251 1820 313 1870 Haec
328 1836 396 1869 mora
410 1822 441 1870 sit
456 1833 517 1871 voto
532 1820 612 1870 forsan
627 1822 702 1871 amica
716 1820 769 1872 ruo}

216 1892 338 1943 Haflenus
354 1909 362 1942 ι
378 1910 488 1943 arcanum
504 1894 600 1944 furtivae
616 1895 711 1945 conscia
726 1895 813 1947 mentis
932 1893 990 1957 265.

252 1966 333 2016 litera
348 1964 414 2032 jam,
432 1967 488 2017 laffo
502 1966 612 2031 pollice,
632 1968 697 2019 siflat
711 1986 782 2035 opus.
983 1961 985 1966 ¹

218 2036 308 2089 Cetera
322 2055 367 2104 per
381 2038 456 2090 socias
472 2039 608 2105 Clymenen
622 2039 782 2108 AErhramque
797 2042 942 2108 loquamur,

253 2111 316 2176 Qua·
331 2111 390 2161 mihi
402 2112 456 2162 sunt
472 2113 573 2164 comites
590 2113 765 2180 consiliumque
782 2114 844 2163 duae.

247 2221 897 2293 c--==2'⁰a³2=⁴-·-·==²'

295 2338 642 2407 EPISTOLA
683 2334 845 2399 XVIII.
892 2331 896 2337 ’

337 2469 558 2527 Lnauoan
598 2467 805 2527 thorn.

221 2558 301 2677 M
309 2636 396 2674 ιττῐτ
407 2622 538 2689 Abydenus
550 2656 559 2681 ‚
576 2637 646 2689 quam
656 2621 739 2670 mallet
749 2619 833 2677 ferre,
850 2616 950 2666 salutem
962 2648 970 2674 ,

253 2698 278 2747 Si
295 2697 366 2747 cadat
383 2697 418 2744 ira
437 2696 525 2753 maris,
545 2694 610 2745 Sesta
624 2694 726 2759 puella,
742 2690 797 2739 tibi.

221 2767 243 2819 si
256 2771 315 2819 mim
332 2768 370 2818 Dl
386 2766 470 2816 faciles
491 2766 516 2817 δι
535 2766 628 2816 suntin
645 2780 727 2813 amore
743 2760 860 2819 fecundi,

253 2842 337 2891 Invitis
354 2840 432 2890 oculis
447 2839 503 2887 haec
518 2853 571 2885 mea
587 2836 662 2886 verba
678 2836 756 2901 leges.

221 2912 266 2963 Sed
277 2931 329 2963 non
337 2914 391 2962 sunt
402 2912 485 2961 faciles
500 2927 509 2960 τ
521 2927 574 2959 nam
585 2924 629 2957 cur
639 2922 692 2956 mea
701 2918 760 2955 vota
770 2904 919 2958 morentur?
936 2923 951 2973 5

255 2986 360 3035 Currere
378 3001 416 3034 me
434 2983 492 3033 noti
508 3000 554 3033 nec
571 2982 691 3049 patiantur
708 2976 794 3045 aqud?

222 3057 269 3123 lpfa
285 3058 352 3107 vides
368 3059 455 3107 coelum
472 3058 526 3122 pica
543 3054 654 3123 nigrius,
672 3052 698 3103 δι
715 3052 777 3103 fteta
791 3052 875 3103 ventis»

256 3130 382 3189 Turbida,
400 3146 491 3198 perque
509 3146 579 3181 cavas
594 3130 633 3182 uix
650 3126 760 3180 adeunda
774 3138 848 3179 rates.
883 3121 897 3143 ’
