2392 3892
266 466 338 538 140
392 445 600 514 OVrnrr
627 443 875 515 Aaronom

263 566 274 630 [
286 564 352 629 Quid
364 561 375 612 l
390 564 469 615 sinon
481 562 584 630 Cephali
595 564 714 629 quondam
724 565 842 633 flagrasset
852 580 933 617 amore
944 595 955 625 ‚

297 637 336 686 An
351 648 421 702 putat
437 636 544 704 ignotam
560 636 689 701 nequitiam
706 636 753 687 esse
770 637 887 706 stiam?]

218 722 250 772 35
261 711 371 760 Tithono
386 711 476 761 vellem
493 710 523 758 de
542 721 568 759 te
584 725 680 759 nannre
695 710 802 762 liceret:

275 801 281 811 ·
297 784 388 836 Fabula
403 799 453 832 non
470 782 534 831 coelo
550 782 646 848 turpior
660 782 709 832 ulla
723 783 799 834 foret.

261 857 332 906 lllum
349 856 404 905 dum
421 854 531 923 refugis,
549 856 625 921 longo
642 855 697 922 quia
710 856 809 925 frigidus
825 864 903 915 aevo,

299 928 380 997 Surgis
395 928 425 978 ad
439 925 524 977 invisas
539 943 554 975 a
571 927 627 977 sene
641 944 712 977 mane
728 941 804 980 rotas.

263 1001 297 1053 At
307 1003 327 1052 si
337 1018 408 1069 quem
418 1001 525 1051 manibus
537 999 672 1066 Cephalum
683 1005 809 1068 complexa
819 1014 919 1053 teneres
929 1006 939 1059 ,'

218 1088 253 1132 40
300 1076 441 1131 clamares,
462 1071 539 1122 Lentd
556 1072 645 1122 currite
665 1074 741 1123 nodis
761 1075 826 1141 equi.

264 1147 314 1197 Cur
325 1164 372 1214 ego
388 1145 478 1211 plectar
488 1159 568 1192 amans
579 1176 586 1202 ,
607 1144 627 1193 si
638 1144 674 1192 vir
684 1146 728 1193 tibi
738 1160 832 1196 marcet
843 1148 874 1196 ab
885 1142 971 1197 annis?

299 1221 363 1268 Num
378 1234 416 1267 me
435 1214 532 1283 irupsisii
547 1214 693 1267 conciliante
709 1217 782 1269 seni?

248 1290 369 1358 ¹Aspice,
385 1301 445 1357 quot
461 1289 556 1339 somnos
571 1288 655 1356 juveni
669 1290 764 1341 donarit
777 1303 859 1344 amato

299 1365 367 1414 Luna
383 1380 485 1431 :neque
504 1362 566 1412 illius
583 1362 662 1411 forma
677 1362 780 1414 secunda
795 1377 854 1415 tuae.

218 1437 316 1504 451pse
333 1438 415 1488 Derim
432 1436 547 1505 genitor,
564 1451 595 1484 ne
611 1446 702 1485 tetam
718 1436 780 1505 saepe
795 1437 915 1500 videret,

300 1510 428 1562 Commisit
444 1509 527 1560 nosles
543 1508 569 1557 in
584 1508 624 1558 sua
640 1519 699 1560 vota
717 1508 785 1562 duas.

264 1584 348 1652 Jurgin
361 1583 468 1634 finieram
485 1598 492 1632 τ
509 1581 582 1631 scires
598 1581 707 1641 audiffe5
722 1585 847 1635 rubebat:

299 1660 353 1708 Nec
370 1669 452 1705 tamen
469 1653 559 1704 assueto
574 1653 665 1706 tardids
682 1668 736 1707 orta
752 1658 813 1709 dies.

296 1764 945 1839 n————===i,*'e=====s

397 1885 653 1953 ELEGIA
711 1884 838 1948 X'IV.

263 1979 349 2095 Dr
359 2054 503 2108 cnam,
522 2046 650 2098 Medicare
666 2058 723 2096 tuos
742 2042 828 2096 desiste
845 2043 956 2112 capillos.

299 2113 407 2185 Tingere
421 2136 492 2186 quam
505 2120 601 2188 possis,
618 2118 666 2185 jam
680 2118 725 2170 tibi
740 2119 807 2169 nulla
821 2134 891 2170 coma
908 2120 951 2170 est.

263 2188 298 2240 At
308 2190 354 2247 ,si
371 2191 433 2258 passa
449 2194 535 2254 sores,
554 2194 612 2260 quid
628 2204 681 2243 erat
698 2192 824 2259 spatiosius
839 2191 887 2241 illis
900 2190 912 2240 ἓ

303 2262 463 2333 Contigerant
478 2267 570 2327 imum,
587 2270 635 2334 qual
648 2278 718 2333 patet
733 2282 829 2332 usque,
847 2266 921 2315 latus.

240 2348 253 2395 5
266 2335 332 2399 Quid
344 2334 355 2385 l
373 2339 439 2404 quod
449 2352 518 2389 erant
527 2351 631 2398 tenues,
651 2341 748 2405 &quos
759 2352 845 2386 ornare
856 2336 955 2388 timeres
965 2350 975 2395 ς

301 2410 366 2459 Vela
383 2411 486 2460 colorati
502 2413 581 2478 qualia
598 2413 670 2462 Seres
686 2407 797 2459 habent?

265 2480 314 2532 Vel
331 2481 394 2544 pede
409 2483 475 2547 quod
492 2485 576 2549 gracili
592 2483 689 2533 deducit
704 2499 792 2532 aranea
806 2480 893 2544 filum,

302 2550 363 2601 Cdm
379 2553 436 2603 leve
453 2555 549 2606 desertd
562 2557 604 2606 sub
618 2555 685 2607 trabe
701 2554 776 2604 nestit
792 2556 879 2621 opus?

264 2624 319 2675 Nec
334 2637 414 2676 tamen
430 2640 483 2678 ater
497 2642 569 2687 erat,
583 2644 630 2678 nec
644 2638 697 2678 erat
709 2639 791 2677 tamen
805 2645 893 2679 aureus
907 2626 974 2688 illis,

223 2708 254 2743 ro
301 2698 369 2758 Sed,
390 2701 496 2765 quamvis
512 2711 620 2759 neuter,
636 2698 725 2751 mixtus
740 2712 865 2768 uterque,
886 2702 973 2753 color:

265 2767 370 2833 Qualem
387 2774 482 2824 clivosae
498 2772 596 2823 madidis
613 2774 638 2822 in
652 2773 755 2824 vallibus
770 2774 819 2823 ldae

298 2843 397 2905 Ardua,
416 2846 518 2914 derepto
533 2846 645 2906 cortice,
662 2848 747 2897 cedrus
763 2846 847 2895 habet.

265 2913 357 2974 Adde,
377 2919 442 2984 quod
459 2921 485 2971 dt
500 2920 612 2978 dociles,
632 2920 658 2969 δι
676 2931 772 2969 centum
787 2915 889 2967 flexibus
905 2916 957 2987 apti
966 2925 977 2981 ,'

301 2988 334 3039 Et
349 2990 392 3040 tibi
408 2992 496 3042 nullius
513 2991 582 3041 causa
598 2991 689 3042 doloris
705 2999 782 3039 erant.

223 3072 252 3121 15
264 3060 323 3110 Non
338 3078 396 3111 acus
413 3063 527 3130 abrupit,
546 3081 596 3114 non
611 3062 688 3113 vallus
704 3058 822 3126 peditis,
841 3059 919 3118 illos:

301 3132 419 3186 Ornatrix
436 3147 492 3190 tuto
510 3150 615 3205 corpore
631 3132 724 3201 semper
740 3143 803 3188 erat.
