2392 3892
285 642 334 737 36
382 642 425 711 Pa
453 639 639 713 Oranti
664 643 887 720 Nasonts

283 763 341 812 Non
354 779 401 831 ego
411 763 515 813 lluminei
526 763 630 813 referam
639 763 764 813 mendacia
776 769 849 833 cygni
861 783 869 817 t

321 837 375 887 Nec
385 854 470 903 querar
480 838 505 886 in
513 837 599 903 plumis
608 836 725 885 delituisse
734 836 831 888 lovem.

286 910 341 974 Qua
357 910 405 960 duo
419 910 543 977 porreftus
560 908 634 975 longe
644 909 705 959 freta
715 908 809 961 distinet
820 911 939 973 Isthmos,

239 1000 274 1049 70
322 983 399 1044 Vella
410 983 542 1051 peregrinis
552 981 712 1048 Hippodamia
720 985 790 1034 rotis.

269 1112 272 1117 .
287 1055 379 1106 Callori
390 1058 514 1125 Amyclaeo
525 1090 532 1114 ,
545 1054 706 1123 &Amyclaeo
717 1054 828 1115 Polluci,

320 1129 423 1179 Reddita
433 1128 562 1196 Mopsopiis
571 1129 681 1180 Taenaris
692 1130 751 1179 urbe
762 1130 837 1180 soror.

284 1201 392 1253 Taenaris
402 1236 410 1261 ‚
422 1204 488 1253 ldaeo
496 1214 562 1253 trans
573 1218 657 1268 aequor
670 1204 701 1250 ab
711 1201 803 1268 hospite
817 1216 900 1271 rapta.

320 1277 446 1344 Argolicas
457 1292 501 1342 pro
517 1275 541 1325 se
557 1275 633 1325 vestit
644 1276 669 1324 in
679 1290 743 1324 arma
753 1292 846 1327 ananus.

238 1368 253 1416 7
259 1367 270 1416 5
283 1349 334 1401 vix
341 1350 452 1416 equidem
461 1348 575 1405 memini5
589 1347 685 1398 memini
696 1358 777 1397 umen
787 1364 794 1399 :
806 1350 885 1399 omnia
896 1350 974 1403 lulli!

322 1422 409 1473 Omnia
419 1420 504 1472 soliciti
512 1423 585 1487 plena
592 1421 686 1471 timoris
694 1433 773 1471 erant.

284 1494 369 1547 Flebat
377 1512 436 1546 avus
448 1529 456 1555 ,
468 1494 608 1562 Phoebeque
620 1494 688 1544 sotor
698 1524 706 1551 ,
717 1493 852 1562 fratresque
863 1498 960 1565 gemelli
972 1513 977 1550 t

321 1568 414 1620 Orabat
425 1569 523 1635 superos
531 1569 598 1618 Leda
606 1567 719 1635 suumque
728 1566 824 1619 lovem.

283 1640 335 1709 lpsa
344 1660 391 1711 ego
401 1678 408 1702 ,
421 1660 470 1693 non
478 1646 564 1710 longos
575 1642 648 1691 etiam
658 1657 721 1707 nnnc
731 1641 794 1691 scilla
807 1643 925 1709 capillos,

238 1719 272 1769 80
320 1715 475 1775 clamabam,
488 1716 545 1766 Sine
554 1731 608 1773 ine,
623 1728 663 1762 me
676 1714 742 1770 sine,
756 1726 849 1773 mater,
860 1716 911 1765 abis
923 1714 934 1765 ἓ

282 1789 345 1839 Nam
360 1790 450 1855 conjux
461 1791 555 1839 aberat.
565 1790 605 1839 Ne
619 1804 669 1856 non
686 1784 803 1852 Pelopeia
812 1788 917 1848 credar,

320 1863 384 1913 Ecce
402 1864 573 1927 Neoptolemo.
582 1861 663 1926 praeda
672 1871 753 1925 parata
763 1859 806 1909 tut

282 1933 481 1987 Pelides-titiam
490 1934 584 1985 vitaffet
596 1934 718 2001 Apollinis
724 1950 796 1983 accus
806 1932 814 1984 l

319 2010 452 2061 Damnaret
462 2010 512 2060 nati
522 2009 581 2060 fasta
592 2022 706 2075 proterva
718 2020 796 2071 patet.

235 2074 267 2141 85
283 2082 336 2132 Nec
345 2084 463 2149 quondam
473 2084 576 2149 placuit,
590 2098 636 2132 nec
645 2080 693 2148 jam
705 2080 828 2146 placolffct
836 2079 929 2133 Achilli
934 2102 954 2140 ‚·

318 2157 426 2206 Abdutta
436 2156 533 2208 viduum
546 2153 650 2222 conjuge
658 2155 718 2203 llere
726 2155 814 2203 vicum.

282 2228 343 2293 Quae
354 2246 406 2279 mea
419 2229 527 2280 coelestes
536 2226 622 2292 injuria
631 2227 689 2278 lecit
698 2226 792 2292 iniqttos
803 2225 814 2276 ἓ

318 2302 392 2367 Quod
401 2303 474 2362 mihi,
490 2320 526 2353 vae
542 2302 632 2351 miserae
644 2300 650 2348 l
669 2300 733 2350 sidus
744 2299 823 2349 obesse
833 2300 942 2365 querar?

280 2374 355 2426 Parva
363 2377 417 2428 mel
427 2377 478 2427 sine
489 2387 564 2426 matre
574 2376 610 2425 fni
619 2392 628 2431 ;
640 2386 709 2440 pater
722 2390 785 2422 arma
800 2373 894 2423 serebat
905 2390 914 2424 t

235 2459 268 2510 90
316 2450 347 2499 Et
357 2451 404 2501 duo
414 2447 468 2501 clun
476 2451 572 2509 vivant,
583 2450 642 2499 orba
649 2447 742 2497 duobus
752 2463 825 2496 eram.

281 2522 338 2571 Non
353 2525 397 2578 tibi
405 2524 533 2577 blanditias
541 2524 639 2588 primis,
651 2537 705 2570 mea
718 2531 808 2576 mater,
820 2518 845 2565 in
856 2517 924 2567 annis

317 2596 414 2648 incerto
432 2597 557 2648 dinoore
571 2594 651 2658 puella
667 2592 722 2641 tuli.

280 2668 337 2724 Non
346 2686 393 2736 ego
409 2668 502 2734 captavi
512 2667 624 2716 brevibus
633 2676 675 2714 tua
689 2664 751 2712 colla
760 2660 855 2711 lacertis
867 2675 876 2711 t

315 2743 369 2791 Nec
384 2742 476 2809 gremio
489 2739 540 2788 sedi
549 2738 636 2787 sarcina
651 2747 718 2804 grata
731 2746 786 2787 tuo.

234 2825 249 2877 9
254 2828 266 2877 5
279 2815 336 2865 Non
345 2814 423 2868 culttls
432 2813 474 2862 tibi
486 2829 542 2861 cura
551 2810 617 2868 mei3
628 2826 673 2859 nec
682 2808 749 2875 palla
757 2808 845 2859 marito

316 2886 404 2938 Intravi
420 2886 557 2942 thalamos,
570 2896 646 2935 matre
656 2895 772 2950 parante,
787 2899 877 2934 novos.

280 2960 360 3012 Obvia
376 2960 511 3025 prodieram
520 2957 605 3009 reduci
617 2958 676 3015 tibi,
693 2973 751 3007 vcta
762 2957 874 3007 fatebor:

247 3055 249 3059 ¹
315 3034 451 3086 Neclacies
463 3033 531 3084 nobis
541 3046 599 3084 nota
610 3032 715 3098 patentis
731 3043 792 3081 erat.

279 3107 317 3157 Te
323 3118 403 3162 tamen
411 3106 458 3157 etse
465 3107 577 3158 Helenen
584 3140 593 3167 ,
600 3106 665 3173 qood
671 3123 724 3157 eras
730 3104 887 3171 pulcherrima
894 3102 975 3162 ‚sensi

216 3192 265 3230 too
314 3180 366 3246 lpsa
374 3181 529 3248 requirebas,
541 3198 597 3248 quae
609 3182 654 3231 tibi
667 3192 722 3230 nata
737 3179 811 3228 foret.

278 3252 333 3305 Pars
345 3254 397 3305 haec
411 3271 458 3320 una
471 3254 530 3304 mihi
543 3253 635 3319 conjux
647 3255 711 3306 bene
726 3250 799 3301 cessit
816 3248 936 3302 Orestes:

313 3328 336 3380 ls
348 3327 462 3398 quoque,
479 3329 506 3382 ni
514 3328 598 3396 pso'se
613 3338 724 3398 pooiet,
733 3322 842 3379 odoenus
855 3326 913 3377 etit.
