2392 3892
268 445 329 505 na
352 430 473 499 Anrr
499 425 684 499 Annum
707 428 746 497 L.
772 430 822 501 ΙΙ.
848 452 923 527 223

216 551 291 609 Hac,
309 549 407 617 inquit,
423 546 502 613 Troja
515 546 549 597 eii
564 564 572 598 t
590 545 602 612 (
615 563 696 597 muros
713 545 737 596 in
753 546 825 598 litote
839 549 917 602 fecit:
931 551 943 617 )

247 625 295 675 Hic
310 625 355 674 tibi
370 623 403 672 sit
418 620 508 671 Simois
524 636 532 671 t
548 622 602 670 hac
617 638 671 669 mea
686 619 760 669 castra
773 633 842 685 puta.

217 698 316 764 Campus
324 692 728 761 erat,(campumquefacit,)quem
736 694 913 746 caedeDolonis
935 711 983 762 135

248 770 401 837 sparsimus,
421 768 563 818 Haemonios
578 767 634 817 dum
648 767 707 834 vigil
724 778 794 833 optat
810 783 898 834 equos.

216 844 264 896 Illic
281 842 389 894 Sithonii
405 840 503 891 fuerant
517 842 622 891 tentoria
639 840 732 890 Rhesi:

249 917 304 967 Hac
319 931 369 984 ego
385 914 434 965 sum
449 914 523 980 raptis
539 926 609 979 parte
624 913 737 965 teretius
754 914 832 980 equis.

202 987 334 1057 ‚Pluraque
351 988 466 1055 pingebat
481 1003 489 1038 t
506 986 596 1039 subitus
613 984 667 1036 edm
682 986 799 1055 Pergama
813 986 898 1039 stulius

247 1061 374 1121 Abstulit,
395 1061 421 1110 dt
436 1060 510 1111 Rhesi
525 1076 579 1111 cum
596 1061 659 1111 duce
673 1059 747 1109 castra
762 1059 814 1109 suo.
936 1075 985 1124 140

217 1134 277 1187 'lum
293 1134 370 1193 Dec,
389 1131 477 1196 Quas,
492 1134 588 1200 inquit,
605 1133 664 1185 fidas
677 1132 721 1183 tibi
735 1134 815 1185 credis
829 1133 913 1195 ituro,

197 1229 202 1237 ·
248 1205 405 1259 Perdiderint
418 1206 489 1255 unde
506 1206 602 1257 nomina
618 1220 725 1273 quanta,
742 1204 836 1259 vides?

216 1281 280 1349 Ergo
293 1296 359 1349 age,
376 1279 456 1329 fallaci
468 1279 552 1329 timide
566 1278 662 1329 confide
676 1279 778 1346 figura,

250 1352 367 1420 Quisquis
383 1368 409 1403 es
425 1368 432 1404 t
451 1364 493 1402 aut
505 1352 594 1417 aliquid
612 1367 716 1417 corpore
730 1352 804 1416 pluris
819 1353 890 1405 habe.

215 1426 326 1490 Dextera
341 1424 463 1492 precipue
478 1426 544 1491 capit
559 1424 707 1491 indulgentia
721 1436 836 1476 mentes:
938 1442 987 1493 145

247 1497 374 1566 Asperius
389 1499 491 1558 odium,
508 1497 618 1565 saevaque
633 1499 708 1549 verba
722 1509 833 1547 movent.

216 1572 322 1625 Odimus
335 1572 496 1638 accipitrem,
513 1571 569 1639 quia
584 1571 678 1637 semper
692 1569 754 1620 ririt
769 1570 794 1619 in
812 1571 905 1641 arptis3

249 1646 283 1696 Et
297 1645 411 1713 pavidum
428 1644 511 1695 solitos
527 1646 551 1695 in
567 1660 643 1710 pecus
659 1644 695 1693 ire
711 1645 792 1709 lupos.

214 1718 249 1773 At
264 1729 334 1769 caret
350 1715 440 1769 insidiis
455 1718 596 1777 hominum,
616 1717 671 1783 quia
684 1716 767 1775 mitis,
784 1717 905 1769 hirundo:

249 1791 375 1858 Quasque·
384 1792 450 1840 colat
464 1802 543 1840 turres
559 1790 667 1840 Chaonis
682 1792 732 1840 ales
747 1791 831 1841 habet.
938 1805 988 1853 150

179 1871 182 1878 '
214 1864 268 1917 Este
284 1864 372 1928 procul
384 1862 458 1921 lites,
479 1864 506 1915 &
520 1881 607 1915 amarae
623 1865 707 1931 proclia
723 1863 831 1933 linguat

250 1936 373 1987 Dulcibus
388 1936 422 1985 est
437 1937 518 1988 verbis
534 1940 614 1988 mollis
630 1938 731 1990 alendus
745 1956 823 1991 amor.

215 2010 272 2062 Lite
286 2009 373 2077 fugent
387 2020 515 2076 nuptaeque
529 2012 615 2070 vitos,
633 2025 766 2077 nuptasque
780 2012 878 2064 matitia

251 2084 329 2149 Inque
345 2082 423 2132 vicem
438 2083 538 2133 credant
551 2098 590 2133 res
607 2084 652 2133 sibi
667 2084 760 2148 semper
776 2085 826 2151 agi.

214 2156 273 2207 Hoc
290 2156 364 2207 decet
378 2171 469 2206 uxores
484 2171 491 2205 ε
508 2155 552 2204 dos
568 2155 602 2204 est
616 2156 701 2205 uxoria
715 2155 782 2205 lites.
938 2171 987 2220 ¹55

251 2229 343 2280 Audiet
357 2240 458 2295 optatos
474 2226 567 2293 semper
582 2227 658 2276 amica
673 2227 755 2277 sonos.

214 2303 275 2353 Non
291 2302 351 2369 legis
367 2300 428 2368 jussu
442 2299 530 2351 lestum
544 2300 639 2350 venistis
654 2300 679 2350 in
695 2313 788 2351 unumt

253 2369 370 2440 Fungitur
384 2376 409 2424 in
423 2374 493 2425 vobis
510 2373 610 2423 munere
624 2375 684 2441 legis
700 2389 776 2423 amor.

170 2453 186 2484 Ι·
213 2447 352 2498 Blanditias
364 2449 472 2506 molles,
489 2464 620 2517 auremque
634 2446 745 2515 juvantia
760 2445 837 2497 verba
892 2484 895 2490 .

252 2518 344 2577 Affer3
363 2531 392 2570 ut
407 2521 512 2572 adventu
530 2523 586 2573 lata
603 2523 634 2573 sit
651 2522 691 2571 illa
706 2533 761 2572 tuo.
940 2518 990 2570 160

213 2594 275 2644 Non
293 2608 340 2657 ego
357 2594 468 2643 divitibus
484 2597 558 2646 venio
573 2609 710 2661 preceptor
726 2594 843 2645 Amorist

254 2663 299 2713 Nil
314 2679 376 2726 opus
393 2664 428 2731 ed
439 2665 493 2723 illi,
510 2666 552 2732 qui
566 2668 653 2725 dabit,
670 2679 722 2717 arte
737 2666 802 2715 mei.

216 2740 307 2791 Secum
317 2736 391 2785 habet
399 2737 535 2799 ingenium,
546 2741 602 2802 qui,
614 2738 669 2789 crim
677 2740 752 2796 libet,
764 2736 874 2801 Accipe,
885 2735 953 2788 dicit.

255 2809 373 2859 Cedimus
390 2821 398 2855 t
414 2805 518 2858 inventis
532 2811 585 2874 plus
602 2811 683 2875 placet
700 2811 742 2859 ille
758 2809 828 2859 meis.

216 2882 365 2949 Pauperibus
381 2891 451 2930 vates
466 2897 513 2949 ego
529 2882 597 2941 sum,
616 2875 672 2949 'quia
689 2899 781 2949 pauper
794 2882 890 2937 amavi:
939 2885 988 2949 165

256 2955 318 3006 cum
335 2956 392 3006 dure
409 2971 458 3005 non
475 2953 564 3021 pulsem
580 2973 698 3015 munera,
718 2958 793 3006 verba
810 2956 902 3011 dabam.

218 3027 314 3092 Pauper
328 3042 392 3081 amet
409 3028 480 3079 cauti
496 3046 502 3079 t
519 3030 604 3080 timeat
620 3029 681 3081 male
696 3030 778 3081 dicere
793 3048 902 3099 pauper:

256 3100 402 3171 Multaque,
421 3102 534 3156 divitibus
550 3121 600 3156 non
614 3105 746 3173 patienda,
762 3104 834 3157 fetat.

791 3200 882 3264 ‚Kiv
