2392 3892
318 494 1030 578 mom

381 673 629 765 OVlDlI
661 673 976 786 NASONIS

299 817 1064 997 nnonon

383 1087 577 1158 ΗΒΕΑ
620 1042 976 1159 SECUNDUS.

413 1248 669 1316 nincln
716 1249 942 1316 nn1nn.

324 1368 440 1489 Hoc
452 1447 549 1500 quoque
560 1430 702 1498 composui,
719 1427 826 1499 Pelignie
835 1427 904 1484 natus
915 1431 1029 1499 aquosis,

359 1506 405 1556 Ille
424 1522 471 1573 ego
488 1504 601 1571 nequitiae
616 1502 681 1573 Naso
696 1504 770 1571 poeta
787 1519 858 1554 mete,

260 1583 316 1635 Hoc
326 1594 422 1647 qnoque
430 1577 501 1644 jussit
510 1579 586 1627 Amor
593 1592 602 1627 :
609 1578 694 1643 procul
702 1577 855 1642 hinc,procul
863 1576 1029 1637 este,severae:

358 1652 416 1701 Non
433 1650 486 1700 estis
502 1649 593 1700 teneris
611 1662 668 1715 apta
681 1651 776 1700 theatra
792 1649 880 1700 modis.

299 1723 367 1792 5Me
383 1724 449 1791 legat
468 1724 493 1773 in
509 1722 588 1789 sponsi
605 1721 667 1771 facie
683 1738 734 1773 non
749 1722 835 1789 frigida
849 1722 944 1789 virgo:

358 1796 390 1847 Et
405 1796 470 1845 rudis
486 1797 573 1863 ignoto
588 1794 665 1845 tostus
680 1811 765 1845 amore
777 1811 848 1860 puer.

320 1869 403 1934 Atque
414 1867 498 1933 aliquis
507 1867 638 1932 juvenum,
651 1883 699 1932 quo
708 1882 772 1917 nunc
782 1884 846 1935 ego,
858 1867 952 1922 sancius
962 1886 1030 1929 arcu,

357 1937 482 2007 Agnoscat
496 1940 597 1990 flammae
613 1939 709 1990 conscia
724 1940 791 2007 signa
809 1940 876 1991 suae:

319 2012 472 2079 Miratusque
482 2011 523 2064 din
533 2044 542 2072 ,
553 2011 614 2077 Quo
625 2043 635 2071 ,
651 2011 735 2073 dieat,
752 2014 783 2063 ab
792 2012 872 2065 indice
883 2013 968 2067 donus

279 2106 311 2141 10
356 2083 499 2153 Composuit
515 2082 640 2136 cason-iste
655 2086 729 2151 poeto
743 2086 837 2137 meos?

319 2159 398 2212 Ausus
414 2175 498 2219 etam,
512 2158 630 2215 memini,
647 2155 752 2210 coelestia
764 2160 849 2210 'dicere
865 2161 948 2219 bella,

357 2232 575 2300 Centimanumque
590 2231 707 2300 Gygen
723 2232 751 2284 ἀ
769 2232 822 2282 satis
837 2233 885 2283 oris
902 2248 974 2286 erat:

320 2304 381 2357 cnm
394 2308 455 2355 male
470 2306 494 2356 se
505 2305 655 2369 Tellusnlta
668 2303 719 2364 esi,
734 2304 870 2371 ingestaque
883 2306 994 2374 Olympo

355 2378 437 2428 Ardua
452 2377 571 2429 devexum
588 2374 675 2427 Pelion
688 2374 746 2426 ona
762 2376 828 2426 tulit.

277 2467 307 2516 15
318 2452 346 2501 in
357 2450 462 2499 manibus
472 2450 565 2516 niinbos
576 2482 584 2507 ,
598 2449 625 2500 &
636 2464 690 2498 cum
701 2448 715 2498 J
718 2464 764 2497 ove
775 2449 882 2507 fulmen,
893 2451 1009 2513 habenti,

354 2520 430 2585 Quod
446 2522 508 2571 bene
525 2538 569 2586 pto
584 2520 649 2573 coelo
665 2521 774 2571 mitteret
789 2522 831 2571 ille
848 2522 911 2584 suo,

318 2595 411 2647 Clausit
422 2594 496 2643 amica
505 2594 570 2644 fores'
583 2610 590 2644 ε
604 2610 652 2661 ego
662 2609 717 2643 cum
727 2593 741 2645 J
743 2611 790 2645 ove
801 2596 892 2646 fulmen
903 2598 989 2651 omisi:

354 2668 450 2719 Excidit
465 2666 562 2735 ingenio
578 2667 690 2733 Iuppiter
705 2667 754 2734 ipse
769 2685 835 2721 meo.

319 2742 449 2808 iuppiter,
466 2740 575 2809 ignoscas
590 2756 598 2791 t
615 2741 648 2789 nil
663 2758 702 2791 me
715 2753 757 2791 tua
773 2744 821 2792 tela
836 2742 971 2808 juvabant:

274 2831 309 2867 20
354 2815 440 2864 clausa
456 2827 500 2865 tuo
515 2813 590 2881 majus
608 2813 678 2881 janua
693 2815 784 2866 fulmen
801 2826 862 2875 erat.

318 2888 448 2937 Blanditias
464 2888 596 2955 elegosque
613 2889 697 2945 leves,
717 2904 769 2938 mea
784 2890 851 2944 tela,
870 2887 989 2941 resumsi:

354 2959 499 3012 Mollierunt
515 2960 585 3009 duras
602 2961 665 3009 lenia
680 2963 754 3009 verba
769 2959 845 3009 fores.

319 3032 430 3083 Carmina
448 3032 581 3098 sanguineae
598 3033 720 3081 deducunt
739 3046 828 3079 cornua
842 3032 938 3093 Lunae;

355 3103 387 3157 Et
402 3116 519 3157 revocant
533 3104 619 3155 niveos
635 3104 737 3153 carmina
751 3104 813 3157 Solis
829 3122 915 3174 equos.

912 3179 1025 3231 Carmine
