2392 3892
261 467 321 529 vs
346 455 465 525 Arsa
488 453 676 527 AnArrm
704 456 742 524 L.
772 457 822 527 ΙΙ.
849 479 920 553 231

218 573 358 634 Candidus,
378 570 497 623 Alcathoi
513 574 554 639 qui
567 573 670 623 mittitur
683 573 744 622 urbe
759 570 876 642 Pelasgi,

250 650 361 706 Bulbus,
379 648 422 705 dt,
437 663 469 697 ex
483 646 556 697 horto
573 664 627 713 quae
644 647 731 702 venit,
750 647 824 695 herba
838 650 920 711 salax,

217 720 321 788 Ovaque
338 720 459 770 sumantur
476 735 488 780 ι,
498 719 617 770 sumantur
631 718 757 787 Hymettia
770 722 864 779 mella,

250 793 370 859 Quasque
385 793 441 842 tulit
454 792 515 842 folio
531 793 601 859 pinus
618 804 687 842 acuta
703 808 787 841 nuces.

215 865 311 925 Deoia,
330 865 386 933 quid
397 866 426 914 ad
436 866 558 923 medicas,
574 867 649 916 Erato
660 901 667 925 ,
684 865 818 915 deverteris
829 877 893 917 artes
904 862 916 915 i
934 879 984 929 425

248 939 357 991 Interior
372 955 443 988 curru
457 951 522 988 meta
538 940 639 989 terenda
655 955 711 989 meo
727 938 770 989 est.

215 1010 265 1076 Qui
281 1010 357 1062 modi>
375 1012 469 1061 celabas
485 1011 579 1062 monitu
588 1025 635 1070 *tua
650 1011 747 1062 crimiu'a
762 1010 863 1071 nostro,
973 1038 975 1043 ·

249 1084 333 1136 Fleoe
348 1085 415 1143 iter;
435 1084 461 1134 &
476 1086 570 1136 monitu
586 1086 676 1154 detege
691 1087 755 1136 furta
769 1101 836 1135 meo.
947 1080 950 1084 ’

209 1157 269 1209 Nec
285 1158 373 1207 levitas
390 1157 507 1224 culpanda
523 1175 575 1208 mea
593 1159 626 1209 eii
643 1176 650 1209 τ
665 1176 715 1209 raon
729 1160 823 1227 semper
836 1158 924 1209 eodem

249 1230 382 1297 Impositos
397 1242 472 1279 vento
487 1232 564 1296 panda
580 1234 659 1283 carina
673 1233 750 1282 vehit.
932 1242 986 1294 430

214 1302 275 1353 Nam
290 1300 365 1353 modd
377 1302 497 1353 Threicio
512 1303 610 1360 Borea,
625 1303 700 1354 modo
714 1304 829 1355 currimus
843 1304 930 1355 Euro:

248 1377 321 1441 Saepe
335 1388 429 1426 tument
443 1375 558 1442 Zephyro
573 1376 668 1434 lintea,
686 1376 748 1441 saepe
761 1378 842 1425 Noto.

209 1446 301 1516 'Aspice
314 1481 323 1508 ,
338 1461 365 1499 ut
380 1450 404 1498 in
421 1466 491 1499 curru
505 1446 578 1498 modo
594 1448 636 1498 det
651 1448 767 1498 fluitantia
782 1448 862 1499 redtor

247 1521 332 1580 Lora,
350 1521 423 1571 modi>
437 1521 545 1571 admissos
561 1534 614 1571 arte
630 1532 738 1571 retentet
753 1538 840 1587 equos·

212 1592 274 1644 Sunt
290 1594 374 1660 quibus
392 1593 484 1663 ingrate
499 1594 580 1644 timida
596 1594 744 1661 induigentia
758 1594 852 1644 servit:
933 1604 985 1656 435

247 1667 300 1726 Et,
320 1666 340 1716 si
354 1668 419 1717 nulla
432 1666 508 1717 subest
522 1668 624 1725 aemuia,
642 1669 742 1735 [anguet
754 1684 834 1717 amor.

211 1738 344 1789 Luxuriant
360 1740 433 1789 animi
446 1740 518 1789 rebus
535 1742 675 1806 plerumque
693 1740 823 1791 secundis:

247 1813 304 1861 Nec
320 1812 390 1861 faciie
406 1812 439 1861 est
455 1812 524 1879 aequi
539 1813 665 1862 commoda
680 1826 762 1864 mente
777 1812 839 1881 pati·

208 1879 247 1934 Ut
264 1884 325 1934 levis
344 1885 454 1935 absumtis
470 1886 584 1952 paulatim
600 1887 691 1937 viribus
707 1888 768 1957 ignis

246 1957 301 2024 lpse
318 1958 396 2017 latet,
417 1958 507 2010 summo
521 1962 610 2011 candet
623 1962 647 2010 in
662 1962 717 2029 igne
735 1961 813 2012 cinist
927 1972 983 2021 440

209 2030 262 2081 Sed
275 2042 357 2080 tamen
371 2029 514 2092 exstintias,
532 2033 631 2081 admoto
647 2034 756 2091 sulfure,
773 2036 879 2082 flammas

246 2104 364 2163 Invenit3
385 2105 411 2155 &
426 2104 529 2161 lumen,
546 2105 611 2169 quod
627 2105 673 2154 fuit
688 2117 764 2161 ante,
780 2104 864 2153 redit:

208 2176 272 2235 sic,
290 2177 416 2245 ubi'pigra
434 2176 481 2226 situ
498 2175 628 2242 securaque
642 2176 739 2240 periura
755 2186 875 2242 torpent,

246 2248 349 2301 Acribus
367 2251 401 2301 est
416 2247 513 2299 stimulis
529 2248 662 2297 eliciendus
678 2264 754 2298 amor.

207 2322 258 2373 fac
272 2322 357 2375 timeat
371 2323 402 2374 de
416 2334 462 2381 te;
477 2321 632 2387 tepidamque
646 2321 767 2372 recaiiace
782 2332 911 2371 mentem:
928 2332 980 2381 445

245 2394 338 2446 Palleat
355 2396 445 2447 indicio
462 2395 565 2447 criminis
582 2395 622 2443 iila
638 2394 683 2445 tui.

207 2467 234 2519 0
248 2467 255 2516 !
270 2480 356 2535 quater
367 2503 374 2529 ,
394 2471 420 2522 δι
431 2470 526 2537 quoties
536 2485 637 2519 numero
648 2468 824 2535 comprendere
834 2483 886 2518 non
894 2465 944 2527 est,

244 2542 372 2602 Felicem,
390 2544 420 2593 de
437 2559 486 2609 quo
501 2542 554 2592 laesa
569 2544 649 2608 pueiia
665 2540 753 2592 dolet!

204 2610 292 2675 Quae,
311 2616 381 2665 simul
397 2616 484 2665 invitas
500 2615 592 2665 crimen
608 2616 719 2681 pervenit
734 2616 766 2664 ad
782 2629 874 2671 aures,

246 2684 364 2743 Excidit3
381 2688 408 2737 dc
422 2686 513 2735 miserae
527 2704 625 2754 voxque
640 2688 757 2751 colorque
772 2686 847 2753 fugit.
926 2694 981 2745 450

206 2758 254 2810 Ille
275 2773 322 2825 ego
340 2758 402 2817 sim,
421 2758 489 2824 cujus
505 2759 579 2808 laniet
594 2759 681 2808 furiosa
697 2758 821 2825 capiilost

246 2833 290 2902 lile
308 2848 356 2899 ego
374 2832 437 2888 sim,
458 2842 554 2881 teneras
571 2832 610 2880 cui
627 2843 694 2897 petat
710 2847 791 2898 ungue
809 2845 903 2900 genast

208 2905 291 2970 Quem
306 2905 389 2956 videat
400 2907 534 2970 lacrymans
547 2919 557 2954 t
571 2921 642 2970 quem
652 2904 728 2955 torvis
738 2904 828 2970 speetet
839 2903 923 2970 ocellis
933 2920 943 2959 t

246 2978 303 3041 Quo
319 2980 370 3031 sine
385 2996 435 3029 non
449 2976 526 3043 possit
540 2978 641 3034 vivere,
658 2978 724 3045 poffe
740 2979 811 3030 velit.

209 3050 235 3103 Si
246 3043 342 3114 spirtum
354 3070 445 3122 quaeras
458 3069 467 3109 3
486 3052 559 3101 bceve
570 3051 602 3101 sit
613 3085 621 3110 ,
640 3069 688 3117 qno
698 3052 750 3103 laesa
761 3067 893 3124 queratur}
923 3064 975 3116 455

244 3124 285 3176 Ne
301 3126 367 3179 leuat
380 3130 446 3181 vires
463 3126 560 3196 colligat
575 3125 610 3177 ira
624 3125 703 3181 mord„
729 3171 735 3180 ,
