2392 3892
259 452 535 524 Haaornas.
560 453 633 521 Er.
658 456 765 525 XXI.
819 478 891 555 113

186 572 212 624 si
226 572 270 623 tibi
286 562 425 639 conjugium
440 573 508 622 volui
523 572 667 638 promittere
681 574 803 635 nostrum,

221 646 299 713 Exige
313 645 416 711 polliciti
431 646 511 695 debita
522 644 576 711 jura
589 647 657 695 tori:
906 664 957 713 ¹40

187 718 254 778 Sed,
272 720 294 769 si
307 720 341 769 nil
356 718 462 768 dedimus
478 730 567 784 praeter
581 718 634 768 sine
649 718 749 784 peslore
763 735 870 782 vocem,

220 792 306 844 Verba
321 792 366 841 suis
383 790 467 841 frustra
482 791 573 840 viribus
590 793 649 841 orba
664 805 745 844 tenes.

186 864 242 914 Non
258 882 306 932 ego
319 864 399 930 juravi
415 880 423 912 :
438 864 488 929 legi
502 862 605 928 iurantia
618 866 714 916 verbaz

222 938 268 989 Vir
286 938 347 986 mini
363 953 414 985 non
429 934 473 984 isto
488 952 556 985 more
573 937 691 1003 legendus
707 953 771 989 eras.

187 1009 285 1075 Decipe
301 1010 337 1059 sic
353 1009 410 1058 alias
426 1023 433 1058 :
450 1007 562 1058 succedat
579 1008 677 1075 epistola
691 1025 787 1076 pomo:
910 1024 957 1076 145

221 1084 248 1132 Si
266 1083 333 1131 valet
348 1082 414 1140 hoc,
433 1098 528 1149 magnas
546 1082 626 1133 divitis
642 1084 796 1152 auferqopes.

188 1156 257 1213 iac,
278 1153 360 1219 jurent
376 1154 455 1222 Reges
471 1155 510 1205 sua
526 1155 550 1205 se
566 1155 611 1206 tibi
627 1173 702 1224 regna
719 1158 838 1218 daturos;

222 1229 308 1294 Sitque
323 1240 408 1287 tuum,
426 1239 481 1277 toto
496 1229 608 1296 quicquid
625 1230 650 1279 in
668 1232 728 1281 or-be
743 1234 835 1298 placet.

188 1300 269 1365 Major
286 1317 312 1350 es
326 1301 371 1349 hec
385 1300 437 1365 ipssa
452 1304 548 1359 multo,
566 1302 623 1350 mihi
640 1304 732 1362 crede,
749 1303 849 1363 Dianb,

223 1374 248 1423 Si
262 1386 304 1423 tua
320 1386 369 1423 tam
385 1372 489 1438 praesens
505 1373 575 1423 litera
588 1391 675 1423 numen
690 1375 772 1427 babet.
908 1390 960 1438 150

191 1444 250 1495 Cdm
267 1458 349 1496 tamen
365 1445 418 1495 haec
435 1446 500 1505 dixi,
519 1444 572 1496 crim
587 1463 627 1496 me
641 1446 686 1496 tibi
699 1446 766 1498 firma
781 1448 886 1516 negavi,

223 1518 285 1569 cerm
300 1522 363 1570 bene
378 1519 493 1584 promissi
505 1519 574 1569 causa
588 1520 685 1586 perasla
698 1521 815 1589 meiest3

192 1590 336 1651 Confiteor,
356 1592 432 1643 timeo
449 1592 517 1642 saevae
532 1592 651 1643 Latoidos
665 1593 743 1653 iram,

224 1666 255 1725 Et
272 1682 360 1731 corpus
375 1665 430 1715 laedi
446 1665 550 1731 suspicor
564 1666 621 1716 inde
637 1683 726 1718 meum.

190 1738 249 1787 Nam
264 1756 358 1804 quare,
377 1738 473 1805 quoties
489 1739 584 1789 socialia
601 1738 665 1789 sacra
679 1753 812 1805 parantur,
908 1755 956 1804 155

222 1813 339 1876 Nupturae
355 1812 430 1861 toties
444 1811 555 1879 languida
569 1815 675 1862 membra
690 1809 803 1865 cadunt?

190 1881 239 1933 Ter
255 1884 313 1933 mihi
330 1883 377 1951 jam
392 1885 492 1935 veniens
509 1886 600 1952 positas
615 1886 763 1955 Hymenaeus
778 1888 809 1939 ad
825 1903 878 1939 aras

223 1958 241 2006 F
244 1958 314 2023 ugita
335 1958 361 2009 &
377 1975 392 2008 e
407 1958 503 2008 thalami
520 1960 600 2009 limine
617 1973 685 2030 terga
699 1962 775 2013 dedit.

188 2028 283 2095 Vixque
299 2046 369 2080 manu
383 2030 450 2098 pigri
463 2032 537 2082 toties
553 2033 628 2083 insusa
645 2034 771 2103 resurgunt

223 2102 322 2152 Lumina
337 2120 344 2153 ι
359 2104 400 2153 vix
413 2116 482 2153 moto
497 2105 596 2169 corripit
610 2107 665 2171 igne
680 2108 757 2156 laces.
907 2102 958 2154 160

189 2174 256 2239 Saepe
273 2176 398 2226 coronatis
414 2175 501 2225 llillant
514 2188 638 2242 unguenta
655 2178 766 2241 capillis,

224 2249 255 2298 Et
270 2249 377 2300 trahitur
393 2249 469 2297 multo
483 2246 606 2313 splendida
622 2249 686 2312 palla
703 2264 788 2299 croco.

190 2319 248 2371 Crim
262 2322 346 2389 tetigit
362 2322 452 2379 limen,
469 2322 586 2387 lacrymas
601 2321 735 2387 mortisque
748 2322 859 2373 timorem

224 2394 329 2453 Cernit,
351 2394 376 2445 &
393 2410 406 2443 a
423 2395 490 2443 cultu
505 2394 579 2443 multa
596 2394 758 2445 remotavsuo.

190 2465 289 2535 Projicit
301 2467 351 2532 ipse
368 2467 417 2517 suas
434 2466 534 2518 dedustai
550 2467 631 2517 fronte
648 2484 771 2527 coronas,
906 2466 956 2530 165

204 2573 208 2597 ,
223 2535 346 2606 Spissaque
362 2541 392 2590 de
405 2541 485 2592 nitidis
500 2542 574 2609 tergit
589 2559 683 2592 amoma
699 2543 784 2594 comis.

188 2614 220 2663 Et
235 2614 313 2679 pudet
328 2613 424 2664 intristi
438 2616 519 2665 laetum
534 2614 680 2682 consurgere
694 2614 787 2665 turbis

224 2686 324 2752 Quique
340 2686 430 2736 eratin
444 2688 525 2751 palla,
544 2688 630 2737 transit
645 2690 670 2737 in
684 2705 728 2737 ora
744 2687 831 2737 rrrbor.

188 2758 221 2808 At
236 2760 292 2808 mibi
305 2792 313 2817 ,
334 2775 374 2807 νε
390 2756 397 2805 l
415 2758 505 2808 miserae
521 2771 646 2809 torrentur
661 2759 769 2808 febribus
783 2769 870 2816 artus;

224 2832 255 2882 Et
272 2831 369 2899 gravius
384 2828 445 2894 justo
461 2831 532 2896 pallia
547 2831 642 2895 pondus
656 2832 755 2879 babent.
907 2846 956 2896 170

188 2904 322 2970 Nostraque
337 2905 461 2970 plorantes
475 2902 550 2952 video
565 2904 636 2968 super
652 2919 695 2952 ora
708 2914 842 2969 parentes:

224 2977 274 3035 Et,
292 2977 347 3027 face
363 2993 408 3043 pro
424 2976 539 3034 thalami,
558 2976 598 3024 sax
614 2974 671 3025 mihi
687 2976 771 3026 mortis
787 2975 860 3030 adest.

187 3049 263 3101 Parce
277 3051 413 3107 laboranti,
431 3048 492 3115 piot
506 3049 563 3099 Dea
578 3051 633 3101 laeta
648 3049 782 3115 pharetr33

218 3124 313 3189 Daque
329 3124 471 3179 salutiferam
486 3122 534 3192 jam
552 3124 610 3176 mihi
625 3124 704 3179 sratris
722 3140 803 3196 opero.
