2392 3892
315 460 393 539 3¹0
419 440 488 506 Ao
516 437 689 504 eru
713 436 966 506 Avcvsmr

315 563 420 623 Jamque
435 556 490 623 rogi
506 556 614 604 flammas
630 553 780 620 exstinguere
796 554 903 605 fliminis
918 557 985 617 istu,

353 631 450 695 Corpus
468 628 743 684 tennenwile„
765 640 850 677 certus
867 643 932 679 erat.

315 703 470 756 Sustenrabat
483 718 575 766 aquas,
594 700 723 765 mrsusque
736 700 863 751 inhibebat
877 719 1007 769 ermom,

253 794 307 847 230
355 778 391 827 Ut
406 774 484 841 poffer
498 786 555 824 roto
571 776 686 838 proluere
701 790 771 822 amne
786 790 886 841 rogum.

315 850 366 902 sed
380 849 483 898 Mavors
496 848 589 912 templo
601 848 713 906 vicium,
731 847 858 897 &accola
876 848 983 917 Campi,

352 922 406 972 Tot
420 922 480 971 dixit
493 922 565 969 siccis
578 922 653 969 rerba
670 936 718 968 nec
731 920 782 984 ipse
796 922 878 987 genis.

317 996 556 1061 Quamquamamoec
562 993 1028 1062 decnirnmnberinnquiesas:

354 1069 412 1117 Non
427 1067 490 1125 tibi,
509 1084 559 1117 nou
572 1067 629 1116 ullis
643 1067 745 1116 vincere
761 1067 812 1115 lara
827 1068 909 1117 danrr.

256 1140 366 1211 2351ste
383 1157 452 1190 meur
466 1140 539 1205 periit
554 1155 562 1188 ε
577 1140 651 1204 periit
665 1155 732 1187 arma
746 1137 812 1189 inter
828 1141 855 1190 dr
871 1142 962 1201 enses,

353 1213 385 1263 Et
399 1214 448 1261 dux
462 1228 508 1277 pro
524 1212 603 1277 patria
616 1228 625 1261 z
641 1212 728 1261 iuuere
745 1212 817 1261 causa
833 1215 907 1264 later.

317 1286 393 1353 Quod
407 1286 478 1352 potui
493 1283 620 1343 tribuille,
638 1285 719 1334 dedi:
736 1285 836 1335 viiioria
850 1300 921 1351 parta
935 1286 983 1341 eli,

353 1359 447 1410 Aulioi
460 1356 510 1408 abir
525 1358 627 1423 operis,
644 1356 686 1407 fed
699 1372 782 1407 tameo
797 1359 875 1409 exstat
890 1376 963 1425 opor.

317 1432 449 1499 Quondam
458 1448 507 1499 ego
517 1431 611 1481 tentavi
620 1430 762 1497 Clothoque
773 1464 781 1489 ,
799 1432 909 1499 duasque
919 1434 1022 1495 sorores,

256 1524 309 1572 240
356 1505 448 1557 Pollice
464 1522 518 1571 quae
531 1516 602 1555 certo
616 1503 689 1570 pensa
705 1503 789 1553 severa
802 1506 926 1564 trabunt3

319 1579 356 1631 Ut
371 1578 462 1629 Remus
477 1579 582 1636 lliades,
603 1579 631 1629 ἃ
645 1577 721 1627 irater
737 1578 852 1638 conditor
866 1580 963 1640 Urbis,

354 1650 497 1719 Effirgerenr
512 1651 592 1717 aliqui
607 1650 687 1718 lingna
702 1651 822 1716 profunda
838 1652 888 1703 vii.

317 1724 360 1775 De
370 1724 445 1775 tribio
453 1724 575 1783 unamihi,
582 1723 679 1774 Partem
687 1724 782 1790 accipe,
790 1741 844 1791 quae
854 1726 935 1783 datur,
941 1724 1023 1793 inquit,

355 1797 465 1848 Muneris
483 1812 491 1846 :
509 1814 539 1847 ex
555 1798 621 1856 illis,
639 1798 704 1863 quod
720 1798 804 1863 peris,
823 1799 888 1849 alter
904 1800 960 1848 erit.

256 1886 308 1935 245
321 1870 368 1922 liic
384 1871 447 1929 tibi,
468 1887 524 1919 mox
539 1871 635 1922 Veneri
652 1869 732 1920 Caesar
748 1870 875 1934 promiil'ur
891 1884 1012 1938 uterque:

354 1941 407 1992 llos
425 1942 499 1991 deber
513 1942 577 1991 solos
593 1942 684 1991 Martia
700 1941 779 1991 Roma
796 1943 880 1995 Deos.

218 2051 221 2056 ·
318 2014 358 2067 sic
373 2014 485 2065 cecinere
501 2013 564 2064 Deae
580 2029 589 2065 r
606 2030 651 2064 nec
667 2026 714 2074 tu,
730 2013 871 2076 Tiberine,
888 2032 1014 2086 repugna,

354 2088 445 2147 lnite5
466 2104 513 2139 nec
528 2088 634 2138 flammas
649 2100 719 2138 amne
736 2105 833 2138 morare
850 2101 907 2139 tuo.

318 2162 374 2213 Nec
390 2160 486 2227 iuvenis
500 2161 574 2227 positi
589 2161 713 2228 supremos
728 2161 822 2211 destrue
836 2162 968 2215 honores:

259 2251 314 2302 250
361 2234 450 2292 Vade,
467 2251 512 2302 age
527 2250 535 2286 c
555 2234 703 2285 &admissis
721 2236 803 2285 labere
817 2251 911 2300 pronus
929 2236 1006 2303 aquim

319 2306 415 2359 Paret:
433 2307 459 2358 &
476 2308 501 2357 in
516 2309 615 2376 longum
631 2307 742 2373 spatiosas
759 2308 865 2373 explicat
881 2309 981 2369 undas,

356 2381 496 2448 Struiiaque
514 2381 631 2446 pendenti
647 2382 740 2447 pumice
755 2381 819 2430 tecta
836 2380 910 2432 subit.

319 2454 424 2506 Flamma
441 2455 482 2504 diu
499 2454 608 2504 condeta
624 2467 697 2519 caput
713 2453 856 2520 contingere
871 2454 998 2514 santium,

355 2526 451 2577 Erravit
465 2525 547 2590 posito
563 2527 629 2575 lente
645 2526 688 2574 sub
701 2540 777 2591 usque
791 2536 861 2577 toro.

258 2617 291 2668 25
297 2615 309 2665 5
322 2599 432 2651 Tandem
441 2597 483 2649 ubi
491 2598 618 2663 complexa
629 2596 662 2646 est
671 2598 758 2656 silvas,
769 2596 935 2665 alimentaque
944 2599 1032 2658 sumsit,

356 2670 458 2723 AEthera
475 2669 585 2737 subjeilis
601 2671 726 2722 lambit&
743 2669 803 2720 astra
822 2671 913 2723 comis.

321 2745 407 2811 Qualis
423 2746 448 2796 in
462 2744 592 2796 Herculeae
607 2745 710 2795 colluxit
727 2744 830 2795 collibus
847 2744 933 2807 OEtae,

357 2818 419 2870 Cdm
436 2818 488 2869 sunt
502 2818 617 2885 imposito
631 2819 736 2869 membra
754 2830 860 2867 cremata
874 2819 946 2870 Deo.

319 2891 406 2943 Uritur
415 2889 480 2955 (heu
496 2890 523 2959 l)
534 2893 608 2943 decor
623 2893 664 2942 ille
678 2892 724 2941 viri
736 2891 742 2941 !
755 2892 921 2960 generosaque
938 2893 1032 2952 forma,

259 2964 312 3017 260
358 2965 390 3015 Et
405 2964 488 3016 faciles
504 2967 586 3017 vultus
602 2965 608 3015 !
624 2966 701 3017 uritur
715 2966 757 3015 ille
771 2963 860 3030 vigor!

321 3037 488 3104 Vidricesque
504 3055 607 3098 manus,
627 3040 777 3106 facundaque
794 3034 908 3102 principis
926 3052 990 3095 ora,

358 3107 525 3177 Peiloraque,
541 3112 633 3181 ingenii
647 3128 731 3180 magru
746 3122 869 3176 capaxque
885 3108 995 3161 domrul
