2392 3892
314 456 369 510 ua
393 436 511 508 Aura
536 437 729 506 Aurum
755 438 793 505 L.
820 441 849 507 Ι.
876 439 967 531 205

258 554 312 612 llere
325 559 390 624 prius
404 557 518 609 volucres
534 568 652 617 taceant,
670 558 748 608 astate
766 558 873 619 cicadae,

283 630 405 682 Maenalius
421 630 500 696 lepori
516 631 558 680 det
574 631 615 680 sua
629 643 697 698 terga
715 632 801 689 tanis;

254 700 338 754 Femina
355 707 424 769 qualm
440 702 543 769 juveni,
561 703 648 753 blande
664 717 777 763 tentata,
794 718 922 772 repugnet.

281 776 337 827 Haec
349 789 446 843 quoque
459 809 467 834 ,
478 793 547 841 quam
557 778 650 841 poteris
662 778 762 827 credere
774 779 840 826 nolle
852 811 859 834 ‚
871 782 949 829 volet.

197 877 204 901 ι
252 845 323 915 thue
339 850 393 899 viro
409 848 496 897 furtiva
510 850 617 908 Venus,
635 851 669 900 sic
687 864 754 917 grata
770 852 876 915 puellae:
959 867 1010 916 275

278 923 321 973 Vir
335 923 399 978 male
415 921 566 979 dissimulat,
586 922 672 973 tertius
688 924 727 971 illa
743 925 818 989 cupit.

251 991 385 1056 Conveniat
399 994 520 1054 maribus,
538 1012 569 1043 ne
584 1012 654 1060 quarn
669 1013 714 1046 nos
729 1008 785 1046 ante
801 1012 935 1065 rogemus3

279 1067 374 1116 Femina
390 1065 438 1132 jam
453 1079 534 1132 partes
549 1068 611 1117 villa
627 1071 735 1136 rogantis
750 1083 816 1137 agat.

247 1137 357 1198 Mollibus
373 1140 398 1189 in
414 1140 487 1203 pratis
504 1142 610 1208 admugit
625 1142 713 1193 femina
730 1154 820 1195 tauro:

278 1213 374 1262 Femina
391 1212 516 1276 cornipedi
532 1214 624 1279 semper
639 1216 746 1265 adhinnit
760 1233 834 1283 equo.
958 1215 1012 1266 280

247 1284 336 1336 Fortior
352 1286 378 1335 in
392 1286 481 1343 nobis,
500 1301 545 1334 nec
562 1298 611 1335 tarn
626 1288 713 1337 furiosa
729 1289 819 1340 libido:

256 1394 262 1400 -
277 1358 419 1425 legitimum
434 1356 505 1407 finem
523 1358 617 1407 flamma
633 1360 707 1410 virilis
724 1361 820 1413 habet„

245 1428 340 1495 Byblida
356 1431 412 1497 quid
427 1430 551 1487 referam,
568 1432 648 1482 vetito
665 1450 717 1497 quae
734 1432 813 1482 fratris
831 1449 913 1483 amore

277 1502 364 1561 Arsit3
384 1503 409 1553 &
426 1502 460 1553 est
477 1505 564 1570 laqueo
580 1506 677 1555 fortiter
694 1506 743 1554 ulta
757 1504 847 1555 nefas?

245 1572 340 1643 Myrrha
355 1588 465 1642 patrem,
480 1577 521 1627 sed
535 1594 585 1627 non
600 1594 648 1643 quo
661 1577 708 1627 filia
720 1578 810 1636 debet,
829 1578 936 1629 amavit:
957 1579 1007 1641 285

277 1649 307 1703 Et
319 1666 383 1698 nunc
400 1648 504 1699 obdudlo
521 1652 614 1707 cortice
631 1651 705 1718 prelia
723 1653 791 1702 latet.

244 1718 304 1784 illius
321 1722 347 1772 ὅι
362 1722 492 1788 lacrymis,
513 1741 570 1789 quas
586 1726 672 1774 arbore
691 1726 769 1774 fundit
783 1724 878 1784 odori,

277 1795 411 1862 Ungimur,
434 1794 459 1845 δι
475 1796 577 1847 dorninae
594 1798 690 1847 nomina
706 1810 775 1865 gutta
790 1809 869 1850 tenet.

244 1865 313 1922 Forte
328 1868 369 1917 sub
385 1869 502 1919 umbrosis
520 1871 652 1921 nemorosa
668 1872 769 1922 vallibus
786 1871 836 1921 ldae

276 1941 414 2000 Candidus,
435 1945 534 1993 armenti
551 1946 646 2012 gloria,
666 1959 748 1995 taurus
765 1957 839 2003 erat3
954 1956 1008 2008 290

242 2011 348 2081 Signatus
365 2015 433 2066 tenui
450 2017 528 2067 media
543 2017 606 2067 inter
623 2035 712 2068 cornua
727 2019 815 2084 nigro:

275 2087 328 2136 Una
343 2087 387 2138 fuit
404 2090 491 2147 labes,
512 2101 594 2138 cetera
610 2090 674 2138 lauis
693 2104 771 2138 erant.

240 2159 307 2210 Illum
325 2159 511 2227 Cnosiadesque
530 2161 703 2227 Cydoneaeque
718 2159 830 2225 juvencae

274 2233 396 2300 Optarunt
413 2246 484 2301 tergo
503 2232 629 2282 sudinuille
648 2233 700 2282 suo.

239 2304 351 2372 Pasiphad
367 2306 419 2357 fieri
435 2306 555 2374 gaudebat
569 2306 679 2355 adultera
696 2304 781 2355 tauri:
954 2316 1005 2367 295

272 2380 355 2430 Invida
372 2379 487 2430 formosas
505 2380 591 2428 oderat
610 2378 651 2427 illa
667 2380 753 2429 boves.

237 2451 302 2506 Nota
313 2469 374 2502 cano
386 2468 393 2501 r
406 2469 455 2502 non
464 2453 512 2503 hoc
524 2485 531 2510 ‚
552 2464 648 2502 centum
659 2469 712 2520 quae
722 2449 819 2502 sustinet
829 2449 921 2510 urbes,

272 2524 388 2589 Quamvis
404 2526 434 2575 sit
449 2527 569 2585 mendax,
588 2525 663 2576 Creta
679 2541 769 2594 negare
785 2523 873 2591 potest.

233 2596 287 2665 Ipsa
305 2613 381 2647 novas
398 2596 515 2657 frondes,
534 2599 644 2665 &prata
660 2600 812 2655 tenerrima,
830 2609 900 2646 tauro

271 2670 359 2719 Fertur
376 2667 489 2717 inassueta
505 2670 645 2720 subsecuill'e
662 2687 743 2732 manu.
953 2677 1008 2732 300

231 2743 257 2795 lt
275 2755 360 2791 comes
376 2740 507 2798 armentis3
528 2757 574 2791 nec
589 2742 676 2791 ituram
693 2757 750 2790 cura
766 2752 874 2790 moratur

274 2811 394 2880 Conjugis
413 2826 420 2860 ε
440 2812 465 2861 &
482 2811 564 2862 Minos
580 2828 594 2861 a
611 2814 675 2862 bove
690 2812 767 2862 vitius
784 2825 845 2861 erat.

236 2885 294 2954 Qud
310 2886 372 2943 tibi,
390 2884 523 2949 Pasiphad,
541 2884 657 2949 pretiosas
672 2885 766 2934 sumere
782 2882 884 2935 vestet?

272 2959 317 3009 lste
334 2973 389 3010 tuus
405 2960 481 3008 nullas
499 2956 569 3007 sentit
585 2958 679 3007 adulter
695 2974 765 3023 opes.

237 3031 305 3094 Quid
319 3034 361 3082 tibi
377 3050 431 3081 cum
449 3032 546 3097 speculo
562 3043 674 3081 montana
689 3043 796 3082 armenta
810 3029 925 3098 petenti?
948 3044 1003 3101 305

235 3099 237 3106 '
272 3102 342 3177 Quid
353 3108 427 3160 toties
441 3108 532 3174 positas
548 3102 640 3175 lingis,
656 3104 756 3173 inepta,
773 3105 878 3159 cornu?
