2392 3892
319 438 393 510 194
442 416 653 486 Orion
679 415 930 488 Aaronom

314 541 415 605 Jamque
430 534 578 603 pererratis,
595 536 730 603 profugus,
748 534 863 602 terraique
875 539 988 606 steteque
1002 570 1014 601 ,

351 610 445 663 Moenia
460 609 527 658 felici
541 609 648 659 condidit
662 611 711 658 alta
727 626 807 658 manu.

270 700 303 753 35
315 688 360 739 llle
377 686 441 755 suos‘
449 683 533 738 docuit
547 681 653 752 [Iunonia
670 682 732 752 secra
749 681 891 753 Pbaliscosg
954 749 957 754 .

352 760 406 832 Sint
423 756 499 814 mihi,
517 754 565 807 sint
580 755 673 823 populo
689 756 782 823 semper
797 756 873 805 amica
889 759 943 808 suo.

344 859 995 969 ss——f--ssaess-o

448 983 703 1047 ELEGIA
764 983 891 1048 xlv.

314 1082 375 1200 Ν
387 1156 484 1210 ora-ego
495 1176 504 1201 ,
516 1158 547 1192 ne
558 1156 647 1207 pecces
659 1174 668 1199 ,
680 1138 734 1189 crim
743 1139 776 1190 sis
787 1142 908 1203 formosa,
920 1145 1031 1199 recuso:

351 1216 399 1266 Sed
415 1232 446 1264 ne
462 1216 493 1265 sit
506 1214 592 1265 misero
609 1214 668 1263 scire
685 1213 780 1263 necesse
794 1215 861 1264 mihi.

313 1292 368 1341 Nec
384 1302 410 1338 te
427 1288 505 1338 nostra
520 1286 590 1355 jubet
606 1286 775 1338 fieri-censura
790 1288 922 1353 pudicam:

352 1363 402 1413 Sed
421 1360 533 1418 tantiam,
551 1373 634 1412 tentes
650 1360 818 1418 dissimulare,
836 1376 917 1429 rogat.

291 1454 303 1504 5
315 1438 373 1487 Non
387 1447 495 1503 peccat,
511 1450 668 1501 quecumque
683 1433 762 1500 potest
775 1436 883 1499 peccasse
898 1452 1012 1504 negare:

350 1510 455 1575 Solaque
472 1508 585 1559 famosam
602 1509 672 1573 culpa
687 1506 790 1572 prosessa
804 1508 872 1556 facit.

315 1583 378 1649 Quis
394 1583 461 1632 furor
475 1582 525 1641 est.
541 1598 593 1648 quae
609 1580 679 1630 nofte
696 1580 791 1637 latent,
808 1580 850 1629 sub
865 1583 921 1630 luce
935 1582 1028 1648 fateri?

351 1655 383 1703 Et
399 1671 452 1721 quae
470 1655 531 1704 clam
547 1654 642 1712 facias,
661 1652 723 1716 satia
739 1653 831 1702 referre
847 1653 951 1718 palam?

314 1727 403 1797 Ignoto
420 1728 534 1777 meretrix
552 1743 642 1793 corpus
656 1723 766 1791 juntiura
782 1725 891 1789 Quiriti,

272 1819 305 1857 ιο
352 1800 490 1867 Appositd,
508 1802 624 1865 populum
640 1799 767 1849 submovet
782 1810 858 1855 ante,
874 1798 947 1851 seri:

314 1875 355 1923 Tu
371 1886 413 1922 tua
427 1874 557 1938 prostitues
574 1873 644 1921 samae
659 1883 761 1935 peccata
778 1870 901 1922 sinistrae?

352 1945 479 1993 Commissi
494 1940 595 2010 perages
610 1943 772 2009 indiciumque
787 1942 847 1993 tui?
900 1986 902 1990 ,

314 2018 351 2071 Sit
366 2018 411 2067 tibi
425 2033 493 2067 mens
509 2018 615 2075 melior,
636 2017 752 2066 saltemve
767 2015 862 2067 imitere
878 2018 979 2083 pudicas
989 2035 1007 2080 ς.

351 2092 439 2158 Teque
453 2093 571 2158 probam,
590 2089 697 2156 quamvis
710 2107 761 2140 non
775 2091 842 2149 eris,
859 2091 907 2140 esse
923 2107 1025 2159 putem:

274 2183 304 2232 15
317 2165 380 2232 Quae
394 2165 453 2234 sacis
464 2185 477 2222 ,*
491 2165 544 2215 haec
560 2164 658 2222 sacito;
674 2161 768 2213 tantdm
783 2164 864 2213 fecisse
879 2168 990 2233 negato:

352 2242 406 2289 Nec
421 2239 511 2305 pudeat
527 2254 609 2287 coram
624 2237 699 2287 verba
713 2236 818 2286 modesta
833 2238 909 2302 loqui.

316 2313 357 2363 Esi
371 2313 411 2378 qui
427 2311 558 2379 nequitiam
574 2313 644 2361 locus
661 2310 741 2376 exigat
757 2326 764 2359 z
780 2310 888 2357 omuibus
906 2311 975 2372 illurn
987 2313 1005 2356 ἢ

353 2385 455 2434 Deliciis
471 2385 565 2450 imple3
583 2382 628 2432 siet
643 2382 730 2447 procul
746 2381 801 2429 inde
817 2381 906 2446 pudor.

316 2457 380 2507 Hinc
397 2457 467 2507 simul
485 2455 591 2513 exieris,
611 2455 705 2504 lascivia
722 2453 831 2519 protinus
850 2455 929 2509 omnis
993 2505 997 2514 ,

273 2546 307 2583 20
353 2527 444 2585 Absit5
464 2528 488 2577 δι
505 2528 529 2576 in
543 2528 607 2577 lesio
623 2526 720 2576 crimina
737 2540 801 2591 pone
816 2519 871 2579 tuo.
941 2550 945 2555 -
964 2560 968 2574 .

316 2602 369 2654 lllic
385 2618 436 2652 uec⁴
446 2599 551 2651 tunicam
565 2600 611 2649 tibi
624 2600 655 2650 sit
669 2599 769 2665 posuisse
787 2602 869 2651 rubori
882 2619 890 2659 ς
993 2643 995 2648 .

354 2676 408 2726 Nec
426 2674 512 2725 femori
529 2674 666 2738 impositum
685 2672 811 2724 sustinuisse
829 2675 918 2726 femur.

317 2749 369 2801 lllic
386 2748 511 2817 purpureis
528 2749 647 2798 condatur
662 2748 742 2815 lingua
760 2749 873 2807 labellis;

354 2824 429 2890 inque
448 2823 533 2873 modos
548 2823 673 2876 Venerem
689 2822 754 2871 mille
769 2820 857 2889 figuret
875 2838 953 2872 amor.

273 2910 305 2960 25
316 2894 369 2947 Illic
385 2914 431 2947 nec
446 2913 542 2955 voces,
558 2912 605 2946 nec
621 2898 696 2948 verba
713 2893 818 2959 juvantia
834 2892 946 2943 cessent-r
989 2938 991 2941 .

354 2970 498 3036 Spondaque
514 2969 601 3019 lascivit
617 2968 749 3017 mobilitate
764 2978 860 3017 tremat.

316 3042 393 3093 Indue
409 3059 464 3093 cum
478 3042 567 3093 tunicis
584 3054 731 3091 metuentem
748 3038 844 3087 crimina
862 3039 993 3093 vultune·

352 3114 385 3166 Et
400 3116 484 3183 pudor.
496 3111 771 3172 obscenumrdiffiteatur
785 3127 859 3179 opus.
963 3155 965 3158 .
