2392 3892
270 334 343 425 298
394 332 604 429 Omnis
630 298 887 402 Nasonis
1032 268 1040 430 i

267 453 295 504 si
311 451 369 501 sciat
384 452 433 501 hoc
450 450 525 508 vitis,
542 450 670 500 nascentes
685 447 815 515 supprimet
830 466 910 504 uvasr
1038 447 1042 516 ’,

306 525 442 591 Orbaque,
459 525 479 575 si
495 525 551 574 sciat
567 524 636 581 hoc,
654 522 757 573 Palladis
774 524 847 573 arbor
862 526 919 577 erit.

268 599 326 651 Hoc
342 600 367 649 in
383 597 492 650 notitiam
507 598 589 648 veniat
606 598 715 663 maloque
731 597 857 668 piroque3
1040 587 1044 632 Ι

225 686 260 740 30
307 671 448 722 Destituent
462 672 534 721 silvas
551 683 652 735 utraque
670 686 739 734 poma
755 669 818 721 suas.
1040 635 1046 722 Ι

244 753 247 757 ’
270 744 383 811 Quaeque
396 746 440 796 sibi
453 745 521 795 vario
535 744 654 810 distinguit
668 760 739 809 poma
752 744 855 804 colore,

306 818 398 869 Audiat
411 819 459 868 hoc
474 817 568 867 cerasus
582 834 590 876 5
606 817 676 882 stipes
690 816 766 866 inanis
782 816 838 867 erit.

270 892 330 943 Non
340 891 453 957 equidem
463 890 561 940 invideo
574 906 581 939 :
594 889 708 956 numquid
719 902 801 939 tamen
816 892 865 940 uua
878 890 979 951 feritur,

308 963 372 1029 Quae
386 963 470 1014 sterilis
483 962 533 1013 sola
549 962 717 1029 conspicienda
729 961 800 1013 comi
812 962 866 1014 est?
1049 985 1057 1030 q

227 1050 262 1103 35
271 1036 372 1088 Cernite
386 1037 495 1086 sinceros
511 1052 594 1086 omnes
609 1052 641 1084 ex
654 1035 739 1084 ordine
755 1048 875 1094 truncos,
1054 1045 1060 1104 ᾗ

306 1109 357 1173 Qui
372 1107 445 1159 modo
460 1109 510 1168 nil,
526 1117 599 1174 quare
614 1109 800 1173 percutiantur,
813 1110 916 1161 habent.
1053 1107 1059 1118 “

208 1237 211 1246 ,
269 1183 303 1233 At
318 1182 376 1232 mihi
388 1182 449 1232 saeva
463 1194 555 1232 nocent
569 1182 684 1232 mutilatis
699 1183 801 1231 vulnera
815 1184 907 1241 ramis;
1053 1135 1064 1308 x

308 1256 426 1321 Nudaque
436 1289 449 1314 ,,
460 1256 558 1306 deteiio
574 1256 683 1312 cortice,
699 1256 763 1322 ligna
777 1268 874 1321 patent.
1060 1317 1062 1324 Ι

269 1330 328 1380 Non
340 1330 428 1385 odium
435 1329 494 1380 facit
507 1330 573 1387 hoc,
589 1328 631 1378 sed
645 1328 698 1393 spes
712 1329 806 1379 indulta
820 1330 930 1395 rapinaet
1060 1329 1062 1340 '

225 1415 261 1463 40
307 1402 441 1453 Sustineant
454 1404 507 1453 aliae
522 1418 611 1470 poma,
629 1413 759 1467 querentur
772 1402 846 1453 idem.
1059 1383 1064 1426 Ι

270 1474 311 1526 Sic
325 1492 380 1526 reus
396 1478 437 1526 ille
450 1474 503 1527 fere
517 1475 569 1534 est,
584 1475 614 1523 de
629 1491 678 1541 quo
691 1473 790 1525 vitioria
805 1477 876 1528 lucro
1058 1429 1064 1518 i

306 1547 359 1598 Effe
371 1548 449 1614 potest
464 1565 472 1600 r
488 1549 566 1614 inopis
581 1548 679 1598 vindice
695 1547 865 1600 fatiscerent.

212 1633 214 1637 ⁴
270 1620 311 1671 sic
325 1621 395 1671 timet
409 1621 522 1681 insidias,
536 1622 577 1688 qui
591 1621 636 1671 scit
651 1621 674 1671 se
690 1621 754 1671 ferre
767 1621 869 1682 viator,

267 1758 270 1762 ,
307 1693 354 1744 eui
366 1695 449 1745 timeat
463 1710 471 1748 t
488 1707 566 1746 tutum
582 1695 659 1760 carpit
672 1695 748 1745 inanis
762 1695 819 1746 iter.

224 1775 258 1825 45
271 1765 311 1817 Sic
325 1783 372 1834 ego
388 1767 437 1817 sola
450 1779 539 1831 petor,
557 1767 600 1817 soli
616 1768 669 1832 quia
686 1767 755 1816 causa
771 1768 873 1832 petendi
886 1767 935 1819 est:

305 1838 323 1889 F
325 1839 439 1889 rondibus
454 1840 565 1897 intactis,
581 1851 662 1888 cetera
678 1841 748 1888 turba
762 1842 856 1892 virent.

242 1965 246 1970 ,
268 1912 332 1962 Nam
341 1912 406 1977 quod
420 1912 510 1963 habent
520 1913 620 1964 frutices
631 1913 670 1961 alii
679 1930 776 1979 quoque
792 1916 902 1980 proxima
913 1912 981 1964 nobis
1053 1929 1056 1938 ·

305 1986 324 2035 F
326 1984 448 2054 ragmina‚
464 2004 517 2054 quar
531 1987 586 2037 laeso
603 1986 694 2036 vimine
707 1988 781 2036 multa
796 1987 881 2053 jacent
889 2006 900 2047 ς

268 2058 327 2109 Non
340 2059 388 2110 istis
400 2058 440 2110 sua
452 2060 513 2111 fasta
527 2072 620 2110 nocent
632 2076 639 2109 :
654 2060 742 2110 vicinia
757 2060 846 2111 damno
858 2062 903 2113 est.

225 2146 260 2195 50
306 2130 436 2199 Excipiunt
449 2133 497 2183 istu
512 2133 566 2184 saxa
580 2135 674 2199 repulsa
686 2149 751 2184 meo.

268 2204 346 2271 idque
358 2203 407 2256 fide
422 2218 504 2258 careat
517 2223 527 2265 ;
542 2208 642 2265 sinon,
656 2223 710 2273 quae
725 2204 820 2274 longius
835 2208 940 2269 absunt,

303 2279 420 2330 Nativum
434 2280 541 2333 retinent
555 2281 672 2330 inviolata
687 2281 770 2330 decus.

268 2350 354 2418 Ergo,
368 2352 388 2402 si
402 2352 511 2419 sapiant,
524 2355 549 2404 &
563 2366 670 2403 mentem
683 2355 758 2403 verba
772 2352 920 2420 sequanturt

302 2423 454 2474 Devoveant
468 2427 562 2475 umbras
576 2425 685 2490 proxima
696 2443 797 2492 quaeque
812 2444 890 2479 meas.

224 2510 256 2561 55
271 2494 351 2561 Quini
359 2497 468 2548 miserum
479 2498 531 2557 est,
549 2498 631 2549 odium
641 2499 731 2549 damnis
742 2501 862 2551 accedere
873 2496 977 2551 nostris!

305 2570 398 2637 Meque
413 2588 478 2622 ream
493 2574 570 2627 nimia:
585 2574 746 2637 proximitatis
760 2574 799 2639 agi
814 2572 821 2623 !

267 2643 331 2703 Sed,
344 2658 423 2710 puto,
437 2663 520 2714 magna
534 2648 582 2696 mei
596 2647 630 2696 est
643 2648 746 2712 operoso
762 2663 818 2697 cura
834 2649 936 2700 colono·

304 2717 433 2778 Invenias,
447 2721 488 2786 qui
502 2721 544 2771 dec
558 2719 593 2770 nil
605 2721 681 2778 mihi,
694 2734 783 2787 praeter
797 2722 907 2772 humum.

266 2788 361 2856 Sponte
374 2792 428 2842 mei
441 2794 517 2845 facilis
530 2806 656 2845 contemto
669 2794 754 2843 nascor
769 2793 794 2842 in
807 2811 886 2860 agro:

222 2858 256 2911 60
304 2862 408 2932 Parsque
424 2866 490 2925 Ioci,
506 2868 552 2935 qui
564 2867 619 2927 iio,
633 2869 727 2933 publica
739 2867 858 2933 pencris
870 2868 916 2921 eti.

266 2934 329 2994 Me,
343 2937 392 2988 sata
407 2955 437 2989 ne
451 2940 550 3001 laedam,
566 2942 678 3009 quoniam
691 2942 737 2990 iata
752 2938 839 2988 iaedere
852 2941 941 3000 dicor,

302 3006 367 3062 Imus
381 3010 408 3064 in
420 3026 530 3067 extremo
543 3016 649 3082 margine
662 3012 748 3063 fundus
763 3012 848 3066 habet.
