2392 3892
279 431 352 501 260
391 429 612 506 'Ourzan
641 430 890 526 Nasonis

277 546 394 603 Efficite,
414 546 439 595 dt
456 546 527 594 facile
543 546 593 607 eli,
611 560 638 597 ut
654 566 698 598 nos
716 548 841 617 credamus
859 545 947 606 macic

315 618 394 669 Prona
410 619 477 667 venit
493 620 584 683 cupidis
601 621 626 670 in
643 621 682 670 sua
699 633 757 669 vota
771 618 842 670 fides.

150 737 152 741 ,
217 694 267 760 675
278 692 377 758 Spestet
392 690 514 741 amabilicis
529 690 661 756 juvenem,
678 692 776 758 suspiret
791 695 822 743 ab
839 694 888 745 imo

315 764 412 815 Femina
425 782 433 822 ς
451 776 499 813 tam
513 763 566 815 serti
584 783 627 815 cur
642 766 771 831 veniatque
788 778 872 833 roget.

279 837 406 889 Accedant
420 839 550 904 lacrymae,
566 839 637 889 dolor
652 839 678 889 δι
695 838 725 887 de
740 838 828 904 pellice
844 836 932 895 lidum

317 912 349 961 Et
364 911 437 960 laniet
453 910 532 978 digitis
549 911 613 963 illius
630 929 673 962 ora
691 910 746 962 suis.

280 984 422 1036 Iamdudum
438 983 560 1048 persuasus
578 985 645 1043 erit,
664 983 812 1034 miserabitur
828 985 915 1034 ultro:
943 1035 946 1038 ,

219 1056 270 1108 680
317 1057 349 1106 Et
366 1056 449 1114 dicet,
470 1054 536 1106 Curi
553 1058 658 1123 carpitur
675 1056 715 1107 illa
732 1057 789 1107 mei.

281 1127 423 1193 Praecipue,
440 1128 461 1179 si
476 1125 554 1179 cultus
570 1131 636 1190 erit,
655 1130 800 1196 speculoque
815 1129 942 1194 placebit;

316 1200 384 1251 Posse
399 1201 441 1249 suo
457 1202 524 1268 tangi
539 1202 625 1251 credet
638 1219 720 1253 amore
736 1202 815 1252 Deae.

281 1273 329 1324 Sed
346 1285 390 1332 te,
407 1289 565 1342 quaecumque
582 1292 627 1335 es,
643 1273 768 1326 moderate
784 1272 872 1341 injuria
885 1275 983 1331 trithem

316 1346 373 1396 Neu
390 1346 422 1395 sis
439 1346 520 1396 audita
537 1348 627 1414 pellice
643 1349 731 1399 meotis
746 1348 826 1414 inops.

219 1419 269 1487 685
279 1420 333 1469 Nec
351 1415 400 1469 citi
415 1419 545 1470 credideris
561 1437 568 1471 ι
583 1434 697 1488 quantum
713 1418 765 1471 cito
778 1419 880 1471 credere
898 1413 983 1477 laedat,

317 1492 458 1557 Exemplum
473 1493 543 1543 vobis
559 1510 609 1544 non
624 1496 678 1545 leve
694 1492 793 1544 Procris
808 1494 864 1543 erit.

280 1564 320 1615 Est
335 1582 411 1633 prope
426 1583 561 1632 purpureos
577 1569 654 1617 colles
668 1566 777 1616 florentis
787 1566 907 1634 ‘Hymetti

316 1638 381 1688 Fons
397 1638 481 1696 sacer,
500 1639 526 1689 ὅ(
540 1639 610 1691 viridi
626 1639 716 1705 cespite
730 1640 808 1689 mollis
824 1641 922 1688 humus.

281 1710 346 1761 Silva
361 1728 444 1761 nemus
459 1728 508 1761 non
521 1714 569 1762 alta
586 1714 644 1763 satit
660 1729 668 1763 t
682 1713 743 1780 tegit
759 1713 858 1762 arbutus
873 1713 983 1761 herbam:

219 1782 271 1847 690
317 1783 369 1833 Ros
384 1784 472 1842 maris,
490 1785 515 1835 &
530 1786 608 1845 lauri,
626 1787 741 1853 nigraque
756 1797 870 1852 myrtus,
888 1786 962 1835 olenti

280 1856 335 1906 Nec
353 1856 430 1906 densae
444 1856 507 1906 soliis
524 1858 600 1917 buxi,
617 1858 763 1925 fragilesque
781 1859 900 1924 myrice,

316 1929 371 1977 Nec
388 1941 473 1978 tenues
492 1930 579 1995 cytisi,
597 1932 710 1996 cultaque
728 1931 798 1995 pinus
815 1929 891 1979 abeli.

281 1999 386 2051 Lenibus
402 1999 507 2066 impulsae
523 2000 664 2070 Zephyris,
681 2002 787 2069 aurique
804 2002 910 2061 salubri,

316 2074 367 2135 Tot
379 2090 494 2142 generum
504 2074 602 2127 frondes
610 2110 619 2136 ,
627 2078 749 2142 herbaque
761 2074 863 2135 summa,
874 2086 987 2125 tremuntc

219 2143 252 2209 69
255 2163 270 2211 5
282 2144 358 2197 Grata
372 2147 440 2213 quies
458 2146 596 2215 Cephalo:
611 2150 704 2200 famulis
721 2150 868 2215 canibusque
883 2148 987 2205 relictis,

318 2219 397 2272 Lali‘us
413 2220 438 2270 in
452 2222 497 2270 hac
512 2220 607 2286 juvenis
625 2222 686 2289 saepe
703 2222 792 2272 resedit
808 2223 894 2271 humo.

281 2292 387 2358 Quoque
402 2309 469 2344 meos
486 2296 582 2345 releves
596 2295 683 2354 aellus,
702 2286 799 2344 cantare
815 2294 930 2351 solebat,

317 2366 465 2431 Accipienda
481 2367 557 2424 sinu,
573 2368 667 2417 mobilis
686 2366 771 2424 Aura,
787 2367 855 2417 veni.

281 2437 397 2505 Coniugis
411 2438 440 2486 ad
458 2438 549 2488 timidas
566 2440 651 2504 aliquis
667 2439 729 2487 male
745 2440 840 2491 sedulus
857 2456 929 2489 aures

220 2522 271 2569 700
318 2510 421 2559 Auditos
437 2510 538 2558 memori
555 2510 643 2559 detulit
660 2525 703 2559 ore
720 2510 801 2560 sonos.

281 2582 374 2633 Procris
392 2593 419 2631 ut
433 2581 527 2645 accepit
541 2598 651 2641 nomen,
667 2583 733 2648 quasi
747 2583 861 2647 pellicis,
877 2583 974 2643 Aure,

318 2655 436 2707 Excidit:
454 2654 479 2705 δι
496 2654 573 2706 subito
589 2668 655 2706 muta
673 2656 759 2706 dolore
777 2657 832 2707 suit.

235 2783 238 2794 Ι
281 2728 385 2788 Palluit,
405 2740 433 2779 ut
447 2728 524 2787 serae,
542 2728 609 2779 ledis
626 2730 721 2794 devite
739 2731 861 2790 racemis,

210 2823 215 2832 ·
318 2802 453 2853 Pallescunt
468 2801 586 2863 frondes,
603 2820 661 2869 quas
676 2819 739 2853 noua
755 2805 816 2854 lesit
830 2804 932 2861 hiemsc

218 2888 269 2936 705
282 2875 391 2942 Quaeque
406 2878 460 2927 suos
476 2889 577 2934 currant
591 2889 685 2926 matura
700 2876 805 2943 cydonia
821 2891 909 2925 ramos.

318 2946 448 3016 Cornaque
465 2949 543 2999 adhuc
559 2950 643 3001 nostris
660 2965 710 2999 non
725 2949 780 2998 satis
795 2960 850 3013 apta
868 2946 940 2997 cibis.

281 3021 316 3069 Ut
331 3023 403 3071 rediit
418 3022 530 3079 artimus,
546 3033 636 3073 tenues
650 3040 663 3070 a
680 3020 779 3087 pedore
795 3018 873 3090 uestes

316 3091 434 3161 Rumpit,
454 3094 480 3147 δι
496 3093 608 3164 indignas
622 3094 710 3151 sauciat
726 3107 807 3161 ungue
824 3108 931 3161 genas„
