2392 3892
236 419 372 516 rim
398 446 445 514 η.
472 445 652 516 rreum
678 442 892 541 XVr163
956 390 961 404 ¹

190 564 271 617 Elabar
283 564 382 631 digito,
399 562 506 628 quamvis
521 561 631 630 angustus
649 560 674 611 δι
691 561 807 621 haerens3

220 638 296 703 Inque
315 637 392 686 sinum
405 636 464 685 miri
481 638 548 686 laxus
565 637 594 684 ab
609 648 662 683 arte
681 633 773 685 cadam.

189 710 252 763 Idem
267 726 334 776 ego,
352 721 379 757 ut
392 725 490 759 arcanas
505 710 595 774 possim
609 709 704 774 signare
720 710 839 771 tabellas,
905 726 936 775 15

220 784 292 832 Neve
302 794 382 842 ,tenax
397 797 478 831 ceram
495 784 590 831 siccave
608 797 700 848 gemma
715 782 817 842 trabeata

188 854 289 907 Humida
306 853 418 904 sormosae
434 866 531 920 tangam
547 856 613 920 prius
631 870 672 902 ora
690 854 787 919 puellae.

220 924 328 977 Tantdm
345 943 377 976 ne
392 927 485 993 signem
502 926 588 991 scripta
603 925 707 976 dolenda
723 925 803 975 mibil

187 1001 210 1053 Si
225 1002 322 1057 dabor,
341 1010 369 1047 ut
386 998 476 1049 condar
490 999 596 1064 loculis3
616 998 682 1048 exire
698 1000 814 1066 negabo,

219 1073 362 1140 Astringens
380 1071 467 1138 digitos
483 1074 542 1121 orbe
557 1073 650 1121 minore
665 1083 730 1122 tuos.
905 1087 940 1122 ιο

187 1147 242 1198 Non
257 1162 306 1214 ego
324 1143 438 1194 dedecori
452 1145 496 1194 tibi
511 1145 574 1204 sim,
594 1161 648 1194 mea
664 1143 733 1203 vita,
751 1144 868 1203 futurus,

222 1219 330 1283 Quodve
346 1229 418 1266 tener
434 1217 520 1285 digitus
536 1219 601 1268 serre
617 1218 732 1275 recuset,
751 1233 824 1267 enus.

186 1290 231 1341 Me
248 1308 326 1358 gere,
347 1288 400 1339 raim
417 1291 498 1339 calidis
516 1291 668 1356 perfunderis
686 1290 799 1339 imbribus
816 1302 900 1340 artus:

223 1364 365 1429 Damnaque
380 1362 421 1410 sub
437 1379 528 1428 gemma
543 1364 626 1428 perfer
641 1361 719 1410 euntis
736 1378 813 1426 aque.

187 1437 251 1495 Sed,
263 1449 341 1504 puto,
352 1443 379 1484 te
391 1434 469 1492 nudi,
480 1451 533 1493 mea
543 1436 649 1484 membra
659 1431 756 1490 libidine
768 1433 885 1500 surgent,
905 1449 937 1498 25

223 1510 254 1559 Et
268 1524 382 1575 peragam
399 1519 481 1571 partes
497 1509 598 1558 annulus
613 1508 656 1556 ille
671 1504 728 1559 viri.

186 1582 257 1634 Irrita
273 1582 330 1648 quid
345 1578 450 1629 voveo?
469 1598 567 1647 parvum
581 1578 736 1648 proficiscere
753 1592 857 1630 munusr

224 1656 269 1706 Illa
285 1654 364 1704 datam
379 1665 461 1703 tecum
476 1655 561 1705 sentiat
579 1653 626 1704 effe
642 1652 725 1703 sidem.

221 1760 866 1833 emaffl———p

335 1880 590 1944 ELEGIA
641 1882 767 1945 XVI.

189 1975 309 2090 Pars
327 2058 365 2091 me
383 2042 464 2090 Sulmo
480 2053 549 2091 tenet
564 2040 659 2108 Peligni
675 2042 747 2090 tertia
762 2040 844 2093 naris:

223 2112 317 2172 Parva,
334 2114 375 2163 sed
391 2114 485 2179 irriguis
500 2130 542 2161 ura
558 2114 655 2162 salubris
673 2114 750 2176 aquis.

188 2184 229 2235 Sol
245 2187 304 2235 licet
322 2186 420 2233 admoto
436 2185 548 2232 tellurem
562 2184 642 2232 sidere
656 2182 750 2240 findat,

222 2258 255 2308 Et
271 2260 346 2307 micet
362 2257 439 2306 Icarii.
449 2255 515 2304 stella
530 2268 647 2321 proterva
664 2256 749 2312 canis;

187 2329 253 2380 Arva
271 2342 427 2397 pererrantur
442 2328 539 2395 Peligna
556 2328 701 2395 liquentibus
718 2324 806 2385 undis,
907 2339 922 2390 ς

223 2403 256 2452 Et
270 2405 333 2452 viret
350 2405 374 2452 in
390 2416 477 2453 tenero
495 2401 580 2451 fertilis
597 2402 672 2450 hetba
687 2402 748 2450 solo.

187 2474 265 2525 Terra
278 2477 346 2525 ferax
363 2476 481 2534 Cereris,
497 2476 624 2541 multoque
639 2475 746 2525 feracior
760 2488 834 2523 uvaea

222 2548 276 2598 Dat
293 2565 390 2614 quoque
406 2549 549 2599 bacciseram
567 2548 663 2599 Pallada
678 2560 758 2615 gratus
773 2559 848 2613 ager:

187 2618 282 2687 Perque
296 2621 449 2688 resurgentes
464 2622 520 2702 ripis
534 2622 670 2671 labentibus
683 2622 769 2670 herbas

224 2694 370 2746 Gramineus
388 2695 503 2742 madidam
521 2693 604 2758 cespes
620 2695 747 2743 obumbrat
761 2694 877 2740 humum:
907 2704 939 2739 ιο

187 2765 221 2816 At
235 2783 304 2816 meus
320 2764 382 2830 ignis
397 2765 470 2814 abeli.
484 2766 570 2818 Verbo
585 2766 740 2831 peccavimus
755 2776 826 2812 uno:

224 2838 287 2903 Quae
306 2850 391 2888 movet
405 2838 523 2894 ardores,
539 2836 573 2885 est
587 2837 693 2903 procul;
713 2836 785 2885 ardor
799 2833 873 2885 adest.

187 2912 244 2961 Non
262 2928 326 2979 ego,
346 2911 366 2961 si
384 2910 476 2959 medius
493 2908 593 2959 Polluce
609 2910 639 2961 ἃ·
651 2908 749 2959 Castore
765 2923 862 2976 ponar,

226 2984 253 3032 In
273 2986 328 3033 coeli
344 2986 396 3035 sine
412 2996 438 3033 te
455 2994 523 3049 parte
540 2980 605 3032 fuisse
623 2982 705 3032 velim.
938 3036 942 3041 ,

188 3055 284 3106 Soliciti
299 3055 412 3119 jaceant,
432 3056 544 3121 tetrique
561 3068 698 3120 premantur
713 3052 813 3123 iniqui,
905 3068 916 3105 r
922 3070 935 3117 5

227 3129 257 3178 ln
272 3128 352 3197 longas
367 3132 449 3181 orbem
465 3131 505 3199 qui
522 3129 620 3180 secuere
636 3130 697 3180 vias.
