2392 3892
393 426 774 516 Nummi-6112
851 451 928 522 299

214 549 273 600 Non
289 543 349 596 mihi
364 544 413 595 falx
428 545 511 594 nimias
526 541 639 594 Saturnia
653 545 753 611 deputat
767 550 881 603 umbras:

250 621 371 671 Duratam
386 630 489 668 renovat
502 635 552 667 non
568 618 625 667 mihi
641 619 714 668 foffor
728 620 836 673 humum.

214 694 273 746 Sole
289 694 350 743 licet
364 691 476 756 siccique
491 691 530 741 siti
544 692 652 761 petituta
666 694 790 753 laborem,
937 696 954 751 6
958 712 971 763 5

252 767 352 835 irriguae
366 765 461 815 dabitur
476 781 526 813 non
540 765 598 813 mibi
613 764 691 816 sulcus
706 784 785 832 aquae.

215 839 250 892 At
265 838 320 889 ciim
335 852 440 897 maturas
455 836 504 886 fisso
517 854 583 887 nova
598 839 691 888 cortice
706 841 776 890 rimas

251 914 311 963 Nux
327 912 377 979 agit
391 928 399 969 ς
414 911 444 960 ad
456 923 536 977 partes
549 912 640 976 pertica
656 913 715 962 saeva
730 912 807 966 venit.

213 985 311 1037 Pertica
326 985 367 1034 dat
381 984 457 1051 plenis
472 985 572 1034 immitia
585 985 688 1035 vulnera
700 988 790 1045 ramis3

252 1060 292 1109 Ne
306 1058 397 1122 possim
411 1057 517 1123 lapidum
529 1060 631 1107 verbera
646 1058 695 1108 sola
713 1061 790 1126 queri.
936 1078 973 1126 70

213 1131 290 1183 Poma
305 1131 412 1189 cadunt,
430 1130 518 1181 mensis
532 1147 582 1180 non
595 1131 720 1182 interdidia
734 1132 843 1184 secundis
851 1150 862 1194 ς

251 1205 283 1254 Et
299 1204 384 1254 condis
398 1204 489 1263 destas,
503 1221 575 1270 parca
591 1206 696 1265 colona,
712 1224 798 1259 nuces.

213 1278 267 1329 Has
282 1294 344 1343 puer
359 1289 401 1328 aut
417 1290 487 1327 certo
503 1277 579 1326 reiias
595 1277 717 1329 dilaminat
730 1280 800 1338 iun3

251 1351 303 1401 Aut
316 1367 407 1417 pronus
423 1350 500 1416 digito
515 1350 582 1400 bisve
598 1350 702 1400 semelve
716 1352 788 1417 petit.
979 1411 982 1415 ,

214 1424 330 1489 Quatuor
344 1424 368 1474 in
383 1424 502 1478 nucibus,
519 1440 567 1473 non
582 1424 701 1490 amplius,
716 1425 769 1474 alea
779 1435 833 1475 tota
845 1424 898 1483 est3
935 1432 951 1490 '7
956 1441 968 1490 5

252 1495 316 1547 Ctim
330 1497 376 1547 sibi
390 1496 517 1563 suppositis
534 1496 630 1547 additur
644 1514 691 1547 una
703 1498 790 1548 tribus.

214 1569 263 1621 Per
276 1571 368 1619 tabulae
382 1570 469 1619 clivum
484 1570 531 1619 labi
545 1569 615 1635 jubet
629 1572 691 1621 alter
707 1588 716 1629 ;
734 1572 759 1621 &
775 1582 862 1638 optat,

251 1644 347 1711 Tangat
362 1654 389 1693 ut
405 1660 419 1693 e
432 1644 511 1693 multis
526 1644 657 1710 quamlibet
671 1662 719 1695 una
734 1644 806 1695 suam.

213 1715 255 1769 Est
268 1717 356 1774 etiam,
371 1732 414 1782 pat
430 1716 462 1765 sit
477 1733 589 1766 numerus
605 1719 646 1783 qui
662 1717 744 1777 dicat‚
760 1735 790 1768 an
803 1720 897 1785 impar:

246 1791 288 1846 ,Ut
302 1790 418 1839 divinatas
432 1788 526 1837 auferat
539 1806 616 1855 augur
631 1806 699 1856 opes.
937 1787 972 1841 80

211 1864 256 1918 Fit
270 1879 367 1929 quoque
384 1863 413 1911 de
428 1861 508 1921 creti,
525 1863 619 1927 qualem
635 1862 731 1913 coeleste
745 1862 844 1931 figuram

252 1936 340 1995 Sidus,
356 1935 419 1985 &in
435 1932 528 1984 Graecis
544 1936 614 1985 litera
627 1950 711 2003 quarta
725 1938 798 2005 gerit.

213 2009 277 2060 Haec
291 2009 333 2058 ubi
346 2007 450 2058 distintis
466 2009 499 2057 est
514 2010 626 2075 gradibus
642 2027 651 2067 3
666 2028 719 2075 quae
735 2010 838 2060 constitit
851 2008 933 2069 intus,

252 2080 323 2146 Quot
337 2082 418 2148 tetigit
432 2080 530 2147 virgas,
544 2094 583 2131 tot
597 2082 661 2147 capit
676 2082 725 2145 ipsa
740 2099 825 2132 nuces.

212 2156 266 2210 Vas
278 2171 374 2223 quoque
386 2155 447 2219 saepe
459 2171 561 2213 cavum,
574 2153 650 2219 spatio
662 2153 776 2212 distante,
788 2156 902 2213 locatum
937 2154 970 2221 85

252 2230 281 2278 ln
294 2229 359 2295 quod
371 2228 435 2277 missa
449 2227 498 2277 levi
511 2244 560 2277 nux
574 2226 645 2276 cadat
658 2245 702 2276 una
716 2244 796 2277 manu.

213 2302 302 2362 Felix,
318 2302 413 2353 secreto
429 2318 481 2368 quae
495 2312 551 2350 nata
567 2300 600 2349 est
615 2302 689 2351 arbor
700 2301 725 2350 in
739 2298 814 2351 arvo!

252 2375 284 2425 Et
298 2376 342 2425 soli
357 2375 454 2425 domino
469 2374 533 2424 ferre
549 2374 640 2423 tributa
655 2373 751 2439 potest!
840 2428 842 2431 ¹

214 2449 275 2499 Non
289 2449 413 2499 hominum
427 2446 538 2512 strepitus
551 2446 637 2506 audit,
649 2463 699 2497 non
714 2448 754 2499 illa
767 2459 891 2498 totarum:

252 2523 310 2571 Non
323 2540 337 2571 a
350 2521 431 2572 vicina
445 2521 615 2588 pulverulenta
626 2521 666 2571 vit
680 2520 724 2583 est.
934 2531 970 2584 90

215 2595 259 2645 Illa
275 2596 334 2654 suo,
349 2611 505 2661 quaecumque
519 2596 593 2655 tulit,
610 2595 667 2645 dare
682 2596 747 2647 dona
761 2596 870 2655 colono,

253 2668 285 2717 Et
299 2669 386 2733 plenos
400 2668 494 2718 studius
504 2685 660 2734 annumerare
674 2668 763 2735 potest.

213 2742 251 2793 At
264 2741 322 2791 mihi
336 2752 441 2791 maturos
456 2758 583 2809 numquam
597 2742 657 2792 licet
671 2742 745 2792 edere
760 2740 845 2799 fetus;

253 2813 320 2863 Ante
335 2813 445 2879 diemque
456 2831 516 2865 meae
530 2816 687 2866 decutiuntur
702 2831 772 2881 opes.

215 2887 315 2937 Lamina
324 2887 403 2937 mollis
413 2886 492 2939 adhuc
500 2899 588 2940 tenero
598 2890 653 2939 dum
662 2888 739 2948 saue,
750 2886 816 2955 quod
824 2885 886 2937 intra
893 2885 941 2945 est3
952 2899 967 2952 9
972 2900 985 2950 5

253 2963 308 3011 Nec
323 2962 386 3011 mala
400 2960 453 3010 sunt
467 2961 511 3010 ulli
526 2964 604 3013 nostra
618 2964 698 3013 futura
711 2964 777 3013 bono
788 2956 813 3012 ι’

216 3032 269 3087 Jam
283 3048 362 3087 tamen
377 3034 502 3094 invenias,
516 3036 556 3102 qui
569 3053 608 3087 me
623 3034 776 3102 jaculentur,
793 3034 819 3087 ὅ(
833 3033 881 3084 iun

255 3106 416 3165 Psaeteunuo
433 3124 517 3165 munus
532 3108 602 3174 inane
616 3122 711 3179 petant.

818 3195 881 3266 uvj
