2392 3892
304 490 583 565 Hnnoinnn
611 494 681 560 En.
701 495 742 561 V.
840 510 888 562 21

183 600 224 670 'Fit
232 613 350 681 propior,
362 611 484 679 terrasque
497 611 611 662 citantis
623 612 701 680 attigit
711 610 784 663 ararit

222 689 347 738 Femineas
362 686 426 744 vidi,
442 686 517 735 corde
529 696 668 742 tremente,
684 702 766 753 genas.

186 763 243 814 Non
255 760 310 810 satis
318 760 343 808 id
353 759 432 807 suerat
443 773 451 809 t
463 758 521 823 quid
529 759 594 807 enim
606 758 694 807 furiosa
705 756 834 808 morabar?

223 834 341 883 Haerebat
350 832 441 899 gremio
451 832 528 897 turpis
539 832 614 880 amica
623 844 676 881 tuo.
903 860 939 910 70

184 905 259 958 Tune
273 903 333 955 vero
345 904 446 970 rupique
459 904 543 961 sinus,
558 904 582 953 δι
595 904 693 969 pestota
703 903 802 971 planxi,

224 974 257 1028 Et
271 978 336 1027 secui
350 976 456 1025 madidas
470 992 550 1042 ungue
565 976 658 1043 rigente
672 993 764 1044 genas:

185 1051 341 1117 Inplevique
355 1049 442 1097 sacram
455 1049 564 1114 querulis
573 1050 701 1100 ululatibus
715 1049 795 1100 ldent

225 1124 298 1172 lllinc
313 1120 354 1171 has
368 1121 482 1188 lacrymas
492 1122 515 1170 in
523 1138 577 1171 mea
590 1122 646 1173 saxa
660 1123 713 1173 tuli.

169 1196 231 1249 ‚Sic
244 1194 341 1247 Helene
357 1193 453 1251 doleat,
469 1194 609 1260 desertaque
627 1194 731 1261 conjuge
747 1196 847 1262 ploret:
908 1214 942 1265 75

222 1266 337 1332 *Quaeque
348 1268 412 1332 prior
422 1267 490 1317 nobis
502 1267 581 1317 intulit
593 1302 601 1325 ‚
616 1268 666 1332 ipsa
678 1269 749 1318 ferat.

187 1342 261 1393 Nunc
271 1340 315 1389 tibi
326 1340 474 1389 conveniunt
485 1372 493 1396 ‚
509 1356 562 1402 quae
571 1351 596 1387 te
607 1352 741 1403 peraperta
752 1339 878 1406 sequantur

224 1412 354 1478 AEquora,
367 1411 488 1477 legitimos
504 1409 677 1474 destituantque
686 1422 764 1459 totos.

189 1486 224 1538 At
234 1485 289 1536 edm
299 1500 392 1550 pauper
402 1499 454 1532 eras
464 1514 471 1539 ‚
483 1493 638 1547 armentaque
649 1480 727 1547 pallor
737 1484 824 1549 agebas
834 1514 844 1541 ‚

226 1561 316 1616 Nulla,
333 1556 378 1606 nisi
393 1556 502 1613 OEnone,
516 1556 630 1621 pauperis
644 1571 706 1604 ttxor
720 1568 781 1604 erat.
911 1569 946 1622 80

143 1643 144 1646 ’
189 1634 247 1683 Non
263 1645 311 1699 ego
322 1630 397 1679 miror
407 1644 484 1695 opes,
496 1644 542 1677 nec
554 1645 591 1676 me
603 1640 644 1677 tua
655 1627 721 1693 regia
731 1627 826 1695 tangit,

227 1702 282 1754 Ne'c
296 1703 328 1752 de
341 1714 379 1751 tot
388 1701 476 1751 Priami
491 1701 556 1749 dicat
571 1713 597 1749 ut
611 1717 657 1749 una
671 1717 753 1751 nurus.

190 1778 248 1829 Non
257 1789 339 1825 tamen
347 1788 374 1825 ur
387 1774 492 1823 Priamus
503 1774 621 1839 Nympha
631 1772 700 1822 socer
710 1773 756 1824 esse
767 1773 861 1824 recuset
870 1788 880 1832 ς

229 1850 280 1899 Aut
290 1847 398 1898 Hecubae
409 1846 494 1897 suerint
505 1846 670 1895 dissimulanda
681 1863 764 1897 nurus.

192 1922 323 1989 Dignaque
334 1920 399 1979 sum,
413 1920 439 1971 dt
449 1919 520 1985 cupio
531 1918 584 1968 sieri
594 1932 703 1969 matrona
712 1921 819 1987 potentis
828 1936 836 1970 τ
911 1924 942 1990 85

230 1995 290 2043 Sunt
300 1994 374 2049 mihi,
390 2010 447 2058 quas
458 1991 551 2058 possunt
567 1992 659 2058 sceptra
669 1993 757 2043 decere
768 2028 776 2052 ‚
787 2010 880 2045 manus.
893 2046 900 2059 ¹

195 2067 248 2117 Nec
263 2083 301 2115 me
312 2065 428 2134 ‚saginel
439 2066 503 2132 quod
514 2078 594 2116 secum
605 2065 690 2115 fronde
700 2065 829 2131 jacebam,
875 2069 879 2078 ’

230 2139 337 2204 Despice
346 2156 358 2189 ,ε
373 2155 494 2205 purpureo
508 2139 557 2188 sum
569 2138 645 2204 magis
659 2151 714 2203 apta
725 2152 791 2188 toro.

196 2211 308 2277 Denique
318 2223 385 2262 tutus
394 2228 460 2259 amor
472 2212 537 2261 meus
548 2210 581 2259 est
592 2211 635 2259 tibi
648 2227 655 2259 t
668 2212 732 2259 nulla
742 2222 856 2275 parentant

232 2286 315 2342 Bella,
329 2300 374 2333 nec
387 2284 486 2333 ultrices
496 2282 594 2331 advehit
608 2283 672 2331 unda
684 2294 758 2333 rates.
913 2308 949 2360 9⁰

194 2354 315 2423 Tyndaris
325 2356 413 2406 infestis
423 2356 448 2404 su
463 2353 523 2404 itiva
534 2354 669 2420 reposcitur
679 2355 758 2405 armis.

232 2430 286 2479 Hac
299 2429 401 2479 venitin
415 2373 532 2478 thaiamos
546 2428 604 2477 dote
619 2427 718 2492 superba
728 2441 794 2479 tuos.

197 2498 259 2565 Quae
272 2502 292 2551 si
306 2502 337 2551 sit
350 2500 444 2550 Danais
458 2500 600 2558 reddenda,
614 2502 656 2549 vel
667 2500 772 2551 Heslora
785 2502 899 2563 fratrem,
919 2497 921 2502 ’

232 2576 282 2627 Vel
298 2591 352 2623 tum
367 2573 500 2639 Deiphobo
517 2572 690 2639 Polydamanta
701 2592 770 2643 roga.

194 2644 262 2709 Quid
272 2646 352 2713 gravis
363 2646 489 2705 Antenor,
502 2645 609 2697 Priamus
621 2647 676 2711 quid
688 2650 783 2698 censeat
791 2647 860 2714 ipse,
914 2664 947 2715 95

233 2719 340 2770 Consule
356 2736 364 2775 ς
382 2718 432 2783 quis
447 2733 503 2769 aetas
520 2722 590 2786 longa
606 2718 712 2786 magistra
726 2722 780 2772 suit.

199 2787 280 2858 Turpe
291 2791 452 2841 rudimentum
470 2794 552 2857 patrie:
562 2808 704 2858 praeponere
715 2807 816 2858 raptam.
871 2842 874 2846 ,

234 2864 309 2913 Causa
321 2863 433 2929 pudenda
444 2876 485 2912 rua
495 2864 527 2912 est
537 2882 545 2921 3
555 2864 614 2929 justa
622 2865 660 2915 vir
669 2883 733 2914 arma
743 2879 834 2920 moveo

202 2933 250 2985 Nec
261 2938 322 2995 tibi,
335 2937 355 2985 s'i
366 2935 455 3000 sapias,
467 2933 537 2983 fidam
547 2937 659 3000 promitte
671 2938 812 2998 Lacaenam,

235 3008 298 3071 Quae
314 3009 383 3059 sitin
398 3002 521 3073 amplexus
534 3021 582 3058 tam
597 3007 646 3060 cito
660 3012 728 3059 versa
741 3024 808 3066 tuos.
917 3021 967 3058 100

205 3076 237 3140 Ut
246 3084 323 3131 minor
334 3080 433 3130 Atrides
444 3081 552 3130 temerati
562 3082 655 3132 soedera
665 3082 721 3130 lesii

237 3153 347 3216 Clamat,
360 3153 386 3207 δι
398 3166 498 3206 externo
508 3154 574 3222 lesus
585 3170 668 3207 nnete
679 3154 763 3213 deleta
