2392 3892
283 466 334 539 42
383 449 426 519 P.
456 447 640 522 OV1n11
667 448 890 521 Nurum
982 446 988 459 '

218 578 247 628 15
256 580 269 628 5
285 568 381 618 Exsulat
389 569 478 637 ignotis
488 569 589 635 Tydeus
600 584 725 634 germanus
736 568 761 618 in
772 568 839 620 oris:

320 641 391 692 Alter
399 643 465 692 satali
475 643 543 691 vivus
554 643 578 691 in
590 641 646 708 igne
656 641 729 705 perit.

282 713 373 782 Exegit
383 716 473 765 serrum
484 716 522 765 sua
534 731 579 780 per
588 714 724 780 precordia
733 725 831 777 mater,

321 789 394 854 Impia
404 789 460 855 quid
471 788 563 838 dubitas
572 786 690 838 Deianira
699 786 779 837 mori?

283 861 414 928 Deprecor
424 864 473 913 hoc
481 880 553 912 unum
565 895 572 920 ‚
583 878 629 929 per
638 860 691 927 jura
702 861 828 912 sacerrima
837 859 895 912 leui
904 894 913 923 ‚

221 930 271 985 160
319 936 358 985 Ne
369 937 452 986 videar
465 937 520 987 satis
533 936 641 985 insidiata
650 935 708 988 ruis.

282 1008 382 1069 Nessus,
395 1021 421 1059 ut
433 1010 465 1059 esi
474 1009 568 1058 avidum
578 1007 700 1074 percussus
708 1008 825 1057 arundine
835 1007 920 1075 pestus
929 1040 938 1070 ,

265 1123 269 1133 .
320 1083 366 1131 Hic
377 1115 384 1139 ‚
397 1083 470 1139 dixit,
481 1082 545 1129 vires
557 1081 649 1146 sanguis
659 1082 746 1129 amoris
756 1081 841 1133 habet.

282 1155 345 1205 illita
355 1154 445 1202 Nesseo
459 1153 561 1202 misitibi
571 1164 639 1201 texta
652 1168 761 1203 veneno.

318 1226 456 1292 Impiaquid
465 1225 559 1275 dubitas
567 1224 685 1275 Deianira
694 1225 778 1275 mori?
839 1226 842 1230 ’

219 1295 266 1359 165
282 1297 382 1366 Jamque
392 1301 447 1349 vale
458 1334 466 1359 ,
478 1300 606 1366 seniorque
616 1311 703 1365 pater,
716 1315 877 1367 germanaque
890 1299 991 1371 Gorge.

320 1373 352 1423 Et
361 1374 437 1439 patria
449 1406 456 1431 ‚
470 1373 496 1425 δι
507 1374 592 1440 patriae
602 1372 678 1422 frater
686 1373 783 1422 ademre
793 1385 851 1423 ruae.

281 1444 314 1499 Et
323 1459 366 1506 tu,
381 1450 422 1497 lux
433 1447 509 1497 oculis
516 1447 634 1496 hodierna
644 1445 772 1495 novissima
782 1446 868 1495 nostris
878 1479 887 1505 ,

318 1522 432 1588 Virque,
444 1521 484 1571 sed
496 1519 511 1571 ὂ
521 1520 598 1587 possis
611 1518 618 1569 Ξ
633 1518 659 1570 δι
667 1534 727 1585 puer
737 1518 812 1587 Hylle
820 1553 828 1578 ,
836 1522 905 1571 vale.

315 1615 995 1703 emessiustmz--o'

413 1747 758 1813 EPISTOLA
820 1748 860 1810 X.
923 1781 927 1788 ·

340 1875 638 1936 Attianus
681 1843 936 1935 Tnario.

281 1964 368 2084 M
376 2043 457 2081 irtus
469 2028 564 2089 inveni,
575 2030 646 2096 quim
654 2039 697 2088 te,
710 2045 787 2098 genus
794 2046 866 2081 omne
875 2033 999 2085 serarum:¹

319 2104 419 2154 Credita
429 2104 529 2154 nonulli
539 2137 547 2163 ,
557 2106 627 2169 quim
638 2104 681 2153 tibi
692 2137 700 2162 ,
712 2097 782 2170 pejus
794 2121 869 2155 eram.

282 2177 346 2244 Quae
356 2180 416 2247 legis
428 2213 434 2238 ,
447 2196 477 2228 ex
488 2178 530 2228 illo
543 2212 550 2239 ,
561 2177 658 2228 Theseu
669 2212 676 2237 ‚
688 2178 733 2227 ribi
741 2178 813 2232 litore
823 2180 894 2230 mitto
905 2213 915 2239 ,
947 2192 951 2200 ⁴

319 2253 392 2302 Unde
403 2266 467 2302 tuam
477 2254 528 2302 sine
542 2270 580 2301 me
589 2253 645 2302 vela
655 2252 735 2301 tulere
744 2264 820 2301 ratem
833 2267 841 2301 τ

256 2332 269 2383 5
282 2326 311 2373 ln
321 2341 370 2389 quo
380 2343 419 2375 me
430 2326 572 2390 somnusque
582 2340 651 2374 meus
660 2324 722 2372 male
731 2323 854 2389 prodidit;
867 2324 894 2373 &
903 2338 930 2377 tu
941 2362 951 2389 ,

320 2395 367 2446 Per
376 2398 468 2452 facinus
479 2398 565 2447 somnis
575 2396 685 2445 insidiate
695 2395 765 2443 meis.

283 2468 391 2534 Tempus
402 2483 469 2529 erat,
480 2469 558 2519 vitrei
568 2484 617 2535 quo
625 2464 726 2533 primsun
735 2479 801 2517 terra
810 2467 898 2533 pruini

320 2542 444 2609 Spargitur
455 2577 462 2601 ,
477 2544 502 2594 &
511 2542 580 2593 tet‘iae
591 2540 678 2591 fronde
688 2552 820 2606 queruntur
831 2558 902 2598 aves.

283 2618 405 2669 Incertum
413 2616 514 2685 vigilans
522 2628 554 2675 ,a
565 2616 648 2666 somno
657 2614 769 2683 languida
779 2648 786 2673 ‚
798 2618 864 2668 movi
950 2633 953 2640 “

238 2702 271 2739 10
320 2691 415 2741 Thesea
425 2690 551 2757 prensuras
562 2688 702 2756 semisupina
710 2706 803 2739 manus.

283 2764 370 2815 Nullus
386 2778 455 2816 erart
466 2765 595 2833 referoque
613 2780 696 2815 manus
706 2799 715 2821 ,
726 2761 862 2832 iterumque
872 2777 970 2819 retento
986 2776 999 2830 ἡ

320 2836 414 2903 Perque
425 2852 506 2889 torum
517 2857 605 2890 moveo
614 2840 711 2889 brachia
722 2854 729 2889 r
741 2841 820 2888 nullus
832 2853 895 2891 erat.

283 2904 412 2960 Excussere
429 2926 507 2963 metus
518 2914 626 2963 somnum
637 2930 644 2962 :
656 2912 788 2962 conterrita
798 2912 867 2981 surgo
879 2929 888 2966 t

320 2981 479 3049 Membraque
491 2985 543 3033 sunt
553 2987 627 3034 viduo
637 2985 785 3049 precipitata
795 2998 862 3035 toro.

237 3067 266 3117 15
284 3051 396 3103 Protinus
405 3057 510 3105 adduftis
520 3057 651 3106 sonuerunt
661 3058 759 3122 pediora
768 3059 851 3121 palmis
862 3075 869 3108 z

320 3125 403 3193 thue
413 3140 487 3180 erata
497 3129 580 3180 somno
589 3128 684 3181 turbide
694 3162 702 3189 ,
714 3142 782 3197 rapta
791 3146 860 3181 coma
869 3129 916 3188 eiij
