2392 3892
358 624 964 708 18001211>rrdmonunr

356 747 422 811 Quid
437 746 540 797 reseram
557 746 674 812 Asopon,
692 762 763 813 quern
781 746 846 812 cepit
855 747 947 799 Martia
956 748 1064 809 Thebe,

391 820 505 870 Natarum
522 820 608 869 Thebe
627 818 731 885 quinque
747 818 826 869 sutura
844 820 954 884 parens?

311 906 323 959 3
331 909 342 955 5
356 892 453 941 Cornua
468 894 488 942 si
504 905 546 949 tua
560 908 624 942 nunc
639 893 680 941 ubi
692 892 760 949 sint,
776 892 905 953 Acheloe‘,
923 894 1064 961 requiram

392 965 505 1015 Herculis
521 965 582 1014 irati
597 964 670 1013 fratta
688 965 791 1031 querire
808 983 888 1017 manu.

354 1039 408 1087 Nec
424 1038 485 1088 tanti
501 1037 632 1104 Calydon,
650 1054 697 1086 uec
713 1051 765 1087 tota
780 1035 873 1089 AEtelia
887 1038 976 1099 tanti3
1016 1057 1019 1060 ·

392 1110 445 1159 Una
460 1122 543 1161 tamen
560 1110 621 1159 tanti
638 1110 757 1160 Deianira
772 1111 827 1162 suit.

354 1185 399 1234 llle
414 1183 491 1233 fluens
506 1182 574 1233 dives
588 1183 687 1248 septena
702 1201 747 1249 per
762 1183 820 1234 ostia
835 1184 905 1237 Nilus
916 1218 930 1245 2

310 1273 344 1319 40
391 1255 441 1319 Qui
456 1255 556 1321 patriam
572 1267 646 1305 tantae
662 1267 712 1306 tarn
726 1258 789 1307 bene
803 1258 973 1323 celataque,

354 1332 440 1381 Fertur
453 1330 478 1378 in
493 1328 592 1379 Euadne
608 1328 733 1378 colleslam
748 1329 855 1395 Asopide
871 1330 994 1381 flammam

389 1402 497 1454 Vincere
515 1402 653 1468 gurgitibus¹
668 1418 717 1451 nou
733 1401 835 1468 potuisse
852 1402 908 1453 suis.

353 1475 437 1525 Siccus
452 1486 480 1524 ut
495 1475 605 1539 amplesli
620 1474 755 1524 Salmonida
769 1474 846 1542 posset
859 1474 988 1541 Enipeus,

390 1547 485 1597 Cedere
503 1545 574 1611 jussit
587 1563 672 1614 aquarn
688 1563 696 1597 t
711 1545 768 1612 julia
783 1548 884 1599 recessit
897 1541 984 1615 equas

308 1634 341 1681 45
354 1621 408 1669 Nec
423 1631 450 1669 te
466 1633 604 1685 praetereo,
624 1620 684 1685 qui,
701 1637 745 1685 per
761 1637 820 1670 cara
835 1620 889 1670 saxa
904 1623 1019 1673 volutans
1029 1654 1043 1682 ,,

388 1692 486 1743 Tiburis
501 1693 576 1759 Argei
592 1692 705 1759 spumifer
717 1710 774 1741 arva
788 1694 861 1760 rigas.

352 1766 394 1815 ilia
414 1765 451 1815 cui
467 1766 577 1831 placuit,
593 1764 701 1831 quamvis
717 1777 769 1815 erat
784 1765 882 1815 horrida
898 1768 986 1827 cultu,

388 1837 476 1905 Ungue
493 1850 576 1887 notata
593 1853 696 1896 eomas,
711 1854 791 1905 ungue
809 1850 893 1889 notata
909 1856 995 1907 genas.

351 1911 414 1968 llla,
433 1926 532 1977 gemens
547 1911 674 1977 patruique
691 1910 779 1970 nefas,
799 1910 933 1977 deliuaque
948 1912 1061 1973 Martis,

309 1996 341 2041 50
388 1984 488 2033 Errabat
503 1984 568 2033 nudo
585 2000 630 2049 per
645 1984 699 2034 loca
717 1984 765 2033 sola
780 1984 855 2049 pede.

350 2056 421 2105 Hanc
436 2056 510 2106 amnis
526 2057 615 2121 rapidis
632 2056 751 2105 animosus
769 2057 828 2105 vidit
842 2057 872 2105 ab
887 2056 977 2117 undis,

385 2128 514 2192 Raucaque
531 2128 561 2175 de
578 2128 663 2176 mediis
680 2127 768 2178 sustulit
785 2145 827 2177 ora
842 2130 929 2181 vadis:

348 2200 428 2265 Atque
439 2198 491 2257 ita,
510 2196 576 2262 Quid
587 2198 677 2249 nostras
689 2233 697 2257 ,
712 2201 808 2267 inquit,
823 2203 883 2252 teris
895 2202 967 2253 anxia
978 2202 1059 2271 ripas,

383 2273 428 2323 ilia
444 2273 473 2323 ab
490 2272 555 2322 ldaeo
573 2271 741 2323 Laomedonte
758 2270 859 2342 genus?

307 2359 336 2407 55
351 2344 407 2410 Qud
425 2348 503 2397 cultus
521 2347 602 2397 abiere
617 2343 675 2396 tui?
694 2348 749 2413 quid
765 2349 815 2397 sola
827 2348 947 2415 vagaris?

384 2420 452 2472 Vitta
469 2436 515 2469 nec
531 2418 637 2470 evinuas
652 2421 751 2485 impedit
767 2423 818 2471 alba
836 2420 940 2471 comas?

347 2492 413 2556 Quid
426 2492 487 2550 iles,
504 2493 530 2543 &
544 2493 655 2543 madidos
667 2495 779 2560 lacrymis
794 2494 925 2559 corrumpis
941 2492 1059 2545 ocellos.²

383 2564 530 2629 Pelloraque
547 2565 627 2615 insani
641 2567 733 2633 plangis
747 2580 829 2632 aperta
845 2564 938 2614 manu?

345 2638 389 2687 illc
405 2639 477 2687 babet
494 2638 520 2687 ὅ(
536 2640 637 2697 silices,
654 2640 680 2691 δι
696 2640 776 2688 vivum
791 2638 814 2687 in
828 2638 925 2704 pedore
944 2637 1056 2700 serrum,

301 2708 335 2759 60
382 2709 430 2773 Qui
450 2722 537 2763 tenero
554 2715 671 2779 lacrymas
688 2712 767 2759 lentus
784 2712 809 2759 in
824 2727 868 2761 ore
883 2710 960 2760 videt.

344 2784 406 2841 ilia,
424 2800 488 2849 pone
500 2798 581 2836 metus
597 2801 605 2836 ε
621 2785 666 2833 tibi
681 2784 746 2850 regia
765 2784 842 2833 nostra
857 2785 971 2850 patebit,

332 2898 335 2902 ,
380 2856 467 2922 Teque
482 2860 565 2908 colent
581 2873 662 2906 amnes
678 2872 685 2905 r
704 2856 767 2915 Ilia,
788 2874 852 2923 pone
870 2870 960 2907 merus.

342 2929 381 2978 Tu
393 2943 488 2980 centum
498 2944 540 2981 aut
550 2933 632 2997 plures
641 2930 705 2979 inter
714 2961 721 2987 ,
730 2930 883 2981 dominabere
891 2965 899 2991 ,
907 2923 1034 2997 Nymphas
1045 2950 1055 2985 e

378 3004 441 3053 Nam
452 3016 547 3054 centum
558 3015 601 3054 aut
611 3005 691 3069 planes
705 3003 801 3053 llumina
811 3004 887 3054 noslra
899 3016 995 3054 tenent.

298 3073 312 3124 ⁶
319 3089 329 3137 5
342 3077 380 3125 Ne
391 3093 429 3125 me
441 3077 524 3142 sperne
535 3110 543 3135 ,
554 3093 664 3142 precor,
678 3073 789 3135 tantdm,
801 3077 907 3145 Troiana
917 3092 1029 3143 propago
1041 3094 1052 3129 t

377 3148 481 3198 Munera
495 3151 617 3215 promissis
636 3150 748 3200 uberiora
763 3150 836 3199 seres.

341 3221 455 3271 Dixerat.
471 3222 530 3282 illa,
548 3225 634 3280 oculos
649 3223 673 3272 in
690 3224 785 3272 humum
799 3218 890 3284 dejecta
905 3220 1047 3285 modestos,

376 3294 506 3365 Spargebat
523 3297 618 3363 tepidos
632 3295 717 3349 flebitis
733 3293 807 3345 imbre
823 3294 900 3347 uulua
