2392 3892
131 3194 138 3281 I

277 382 300 426 x
397 359 437 425 P.
468 359 619 424 OVrn.
648 357 757 425 NAs.
786 362 925 426 VITA.

277 518 296 552 n
311 491 542 574 tamorphoseon
560 513 677 574 opere,
699 494 790 573 inquit
807 480 941 556 Gifanius
962 544 982 573 ‚
1009 519 1068 578 rq-

278 617 296 651 n
310 590 351 651 sui
369 591 516 673 specimen
532 593 611 656 Naso
630 595 782 669 exhibuit,
803 611 834 654 ut
856 592 983 653 diversas
1005 606 1068 674 FE

280 717 296 749 »
311 690 423 765 bulas,
453 690 648 757 diversisstmt
674 713 843 776 temporum
870 695 984 753 ratione
1029 728 1068 774 Q

282 815 297 848 a
311 788 382 850 serie
398 787 512 872 gestas,
530 794 691 855 admirabili
708 792 835 866 ordine,
854 795 894 852 sie
913 793 1068 872 explica,

281 915 297 947 n
312 893 368 963 rit,
391 906 423 951 ut
441 911 503 950 non
521 895 631 967 variae,
649 891 773 953 seduna
791 894 885 954 videri
904 895 1008 974 possit.

321 988 391 1050 VII.
414 990 603 1051 Fastouurn
622 991 710 1055 libros
729 991 778 1051 sex
792 995 841 1052 vix
862 992 1050 1064 absolverat,

278 1111 367 1171 quum
386 1091 512 1152 exsulare
533 1084 619 1170 jussus
640 1089 690 1151 est.
770 1125 773 1133 ·
1034 1132 1037 1137 ·

318 1189 401 1250 VIII.
422 1188 596 1252 Tnlsnunt
616 1192 704 1254 libros
725 1195 851 1275 quinque
868 1182 979 1273 scripsit
995 1213 1049 1254 ex·

278 1289 332 1349 silii
352 1306 512 1375 tempore,
534 1313 595 1375 non
614 1291 755 1372 adscripto
779 1311 883 1352 eorum
901 1297 1049 1369 nomine,

278 1390 315 1449 ad
334 1411 408 1470 quos
428 1412 572 1473 quamque
589 1389 740 1471 epistolam
757 1393 845 1452 misit.

284 1536 287 1541 ,
316 1488 377 1550 IX.
399 1490 647 1551 Eursroianuu
670 1509 686 1550 e
707 1485 802 1549 Ponto
819 1489 882 1551 libri
900 1509 1048 1572 quatuor,

278 1591 335 1651 hoc
362 1613 422 1651 uno
440 1590 548 1651 distant
574 1614 591 1650 a
618 1591 785 1672 prioribus,
814 1591 893 1671 quod
917 1592 1046 1673 epistolae

279 1713 384 1753 omnes
406 1712 510 1754 eorum
531 1690 570 1751 ad
597 1711 672 1772 quos
693 1688 779 1750 misIae
805 1688 897 1764 sunt,
925 1697 1047 1753 nomina

279 1790 385 1872 praese
404 1792 510 1853 ferunt.

319 1886 380 1948 DE
406 1890 448 1950 his
473 1911 584 1952 novem
613 1889 689 1948 libris
716 1890 874 1950 audiendus
901 1889 942 1950 est
963 1889 1045 1952 Dan.

280 1986 426 2049 Heinsius.
448 2017 466 2050 s>
488 1991 567 2050 Libri
587 1986 747 2062 Tristium,
771 1989 803 2048 &
821 1992 869 2070 qui
890 1991 926 2049 de
946 1986 1045 2054 Ponto

276 2089 499 2160 »inscribuntur
517 2110 619 2171 ,quo
650 2089 687 2148 ab
720 2090 802 2148 omni
829 2088 1013 2152 affedatione
1037 2139 1047 2166 ,

278 2213 295 2246 u
312 2186 515 2273 (quamquam
532 2191 564 2248 iis
589 2210 655 2247 cum
678 2189 823 2269 plerisque
843 2189 915 2246 illius
934 2189 1046 2271 scriptis

277 2313 295 2346 a
311 2289 368 2350 hoc
384 2310 541 2353 commune
558 2288 621 2361 est,
645 2289 658 2368 )
678 2287 768 2368 magis
788 2289 874 2346 alieni
891 2287 977 2361 sunt,
1007 2313 1044 2352 eo

275 2413 294 2446 a
309 2394 400 2472 magis
432 2389 632 2459 commendari
659 2385 807 2466 juventuti
836 2385 955 2446 debent.
993 2387 1044 2452 Est

276 2511 294 2545 s>
309 2490 415 2570 ubique
435 2490 595 2563 Latinitas,
618 2490 669 2549 vel
691 2491 766 2547 inter
792 2489 908 2566 prima3
927 2503 958 2546 ut
981 2513 1045 2553 non

276 2614 294 2647 s>
307 2607 419 2651 temere
438 2591 593 2661 Muretus,
610 2608 690 2668 quo,
707 2585 773 2668 post
790 2586 886 2647 literas
907 2604 1045 2666 renatas,

278 2713 296 2748 u
312 2709 401 2750 nemo
427 2694 488 2752 sine
516 2689 698 2752 affesiatione
725 2689 884 2770 elegantius
910 2687 1047 2769 scripsit,

184 2792 193 2805 '
277 2812 294 2846 n
309 2789 488 2868 quemdam,
510 2796 559 2874 qui
587 2791 695 2851 audori
719 2808 802 2850 tanto
825 2793 900 2851 hanc
926 2791 1046 2852 laudem

278 2913 295 2946 υ
310 2889 495 2964 detraheret,
513 2893 639 2976 prodigii
656 2893 760 2968 instar,
778 2882 842 2956 o'vis
860 2893 893 2952 &
909 2891 1046 2971 sulphure

276 3014 294 3047 s>
309 2988 484 3054 lustrandum
502 2995 652 3057 existimet.
879 3003 884 3010 '

301 3089 354 3149 ,Χ.
376 3090 417 3156 Its
428 3112 471 3157 tu
488 3098 584 3179 primo
602 3097 692 3160 exsilii
709 3117 786 3157 anno
805 3090 925 3174 scripsit.

156 3290 276 3487 Ἴ
