2392 3892
289 494 568 567 Haemona.
593 499 672 567 ΕΡ.
698 501 801 569 XIII.
851 520 904 596 57

188 610 333 682 Linguaque
346 616 479 666 mandantis
489 618 563 667 verba
574 617 714 683 imperlesta
722 619 850 687 relinquit:

226 688 279 739 Vix
293 690 353 739 illud
370 690 449 756 potuit
460 691 540 741 dicere
549 689 615 739 triste
627 692 702 742 Vale.

192 757 420 820 incubuitBoreas‚
436 764 583 828 abreptaque
591 764 647 812 vela
657 763 763 813 retendit
775 778 784 816 a
915 778 945 828 15

228 832 330 899 Jamque
341 851 409 885 meus
424 834 497 901 long‘e
510 834 656 885 Protesilaiis
666 849 728 885 erat.

189 903 260 955 Dum
270 907 342 971 potui
355 906 461 971 spestare
471 907 548 955 vnum
560 939 568 964 ,
579 906 684 971 spessare
695 907 810 973 juvabat:

226 978 336 1043 Sumque
345 991 402 1026 tuos
413 978 499 1028 oculos
510 978 583 1044 usqne
595 980 677 1028 secuta
690 981 759 1029 meis.

188 1048 226 1101 Ut
241 1061 268 1098 te
279 1066 330 1098 non
341 1062 469 1118 poteram,
479 1064 588 1117 poteram
597 1065 639 1101 tua
652 1054 708 1103 vela
718 1052 802 1103 videte
815 1067 824 1104 a

228 1123 298 1171 Vela
310 1122 350 1171 diu
364 1123 444 1190 vultus
456 1123 582 1174 detinuere
596 1141 674 1176 meos.
916 1138 949 1173 20

188 1194 228 1246 At
239 1193 360 1261 postquam
371 1212 416 1245 nec
427 1207 467 1255 te,
482 1213 528 1247 nec
540 1200 595 1247 vela
608 1199 703 1265 fugacia
714 1198 782 1257 vidi3

229 1267 263 1316 Et
273 1267 340 1334 quod
351 1267 499 1335 speslarem,
509 1270 544 1320 nil
552 1270 697 1337 nisipontus
705 1284 774 1331 crat3

189 1340 244 1391 Lux
254 1357 351 1406 quoquc
362 1354 445 1391 tecum
455 1342 512 1390 abiit
523 1358 531 1391 t
547 1342 654 1392 tenebris
665 1344 789 1411 exsanguis
800 1342 893 1395 obortis

227 1413 352 1463 Succiduo
363 1414 432 1463 dicor
440 1412 590 1479 procubuisse
601 1431 675 1481 genn.

189 1485 241 1538 vn
253 1485 324 1536 socer
337 1485 458 1551 Iphiclus,
472 1487 513 1536 vix
528 1504 566 1536 me
581 1488 723 1554 grandevus
736 1485 857 1548 Acastus,
911 1500 945 1551 25

224 1558 276 1609 Vix
290 1570 369 1609 mater
377 1560 456 1627 gelidi
465 1559 543 1609 mesia
553 1561 643 1610 reiecit
656 1561 734 1628 aqui„

191 1629 308 1681 Officium
321 1631 403 1684 secere
414 1635 493 1699 pium,
505 1633 546 1684 sed
558 1634 644 1683 inutile
655 1634 736 1686 nobis.

226 1704 343 1771 Indignor
355 1706 446 1755 miserae
456 1722 505 1755 non
517 1706 607 1755 licuisse
616 1708 687 1759 mori.
765 1712 770 1720 '

192 1776 227 1826 Ut
242 1776 316 1826 rediit
331 1778 436 1836 animus,
455 1779 544 1844 pariter
562 1779 781 1830 redieredoloresa

227 1848 329 1900 Peslota
339 1851 458 1920 legitimus
467 1851 528 1902 casia
537 1853 666 1903 momordit
675 1869 752 1904 amor.
909 1864 944 1917 30

193 1920 247 1971 Nec
259 1922 315 1971 mihi
324 1923 455 1988 peslendos
466 1943 522 1975 cura
533 1924 566 1976 est
580 1928 687 1992 prebete
697 1926 796 1993 capillos
808 1939 821 1977 a

229 1996 284 2044 Nec
294 1996 354 2047 libet
364 1996 446 2047 aurati
455 2015 558 2065 corpora
568 1999 637 2050 velle
646 2000 707 2067 tegi„

196 2066 237 2117 Ur
244 2085 304 2134 quas
316 2070 443 2136 pampinei
452 2071 554 2139 tetigisse
563 2072 704 2139 Bicorniger
711 2070 778 2121 hasta

228 2140 357 2200 Creditur,
368 2141 495 2201 hucilluc,
508 2142 555 2209 qud
565 2144 633 2194 sutor
646 2145 713 2209 egit,
725 2159 766 2191 eo.

194 2210 352 2264 Conveniunt
365 2227 452 2265 matres
461 2214 602 2280 Phylle'ides
612 2248 620 2273 ,
632 2214 658 2263 ec
668 2214 726 2263 mibi
734 2216 852 2271 clamant,
912 2224 926 2276 3
933 2227 945 2274 5

231 2286 309 2337 Indue
323 2286 434 2355 regales,
445 2285 593 2343 Laodamia,
602 2286 677 2336 sirius.

194 2357 293 2409 Scilicet
304 2360 352 2426 ipsa
365 2376 448 2427 geram
462 2358 578 2409 saturatas
589 2358 680 2408 murice
688 2353 782 2416 vestes,

229 2432 298 2481 Bella
314 2432 355 2483 snb
368 2433 448 2482 Iliacis
463 2432 582 2481 moenibus
597 2432 639 2481 ille
654 2442 721 2499 gerat
734 2428 745 2479 i

194 2502 246 2571 Ipsa
256 2520 337 2555 comas
351 2505 443 2571 pessar,
455 2504 525 2575 galei
535 2518 607 2572 caput
617 2505 658 2556 ille
668 2500 812 2572 prematur?

230 2576 283 2641 Ipsa
298 2594 374 2628 novas
383 2577 460 2630 vestes
472 2612 480 2637 ,
494 2577 552 2629 dura
566 2579 603 2629 vir
620 2596 683 2629 amia
697 2576 780 2628 serat?
910 2590 946 2637 40

143 2665 145 2672 ·
196 2647 253 2712 Qui
267 2647 379 2716 possum,
392 2650 502 2717 squalore
516 2663 572 2703 tuos
590 2652 680 2704 imitata
697 2651 796 2702 labores,

229 2721 310 2771 Dicar
321 2737 329 2771 t
342 2722 368 2771 dt
376 2723 428 2773 haec
439 2724 497 2775 belli
505 2737 616 2792 tempora
625 2724 695 2775 trissis
707 2740 784 2790 agam

194 2793 253 2845 Dux
265 2793 323 2844 Pari
332 2793 466 2856 Priamide,
483 2797 569 2849 damno
586 2797 691 2849 formose
706 2807 820 2848 tuorum»

228 2866 292 2917 Tam
309 2868 342 2917 sis
355 2866 425 2919 hoslis
439 2870 502 2923 iners
515 2903 522 2930 ,
534 2872 604 2936 quam
619 2870 695 2917 malus
705 2864 791 2931 hospes
803 2880 869 2917 eras,

195 2938 245 2990 Aut
258 2953 286 2991 te
297 2941 416 2995 Taenariae
428 2942 514 2994 faciem
532 2939 635 3006 culpasse
651 2938 762 2997 marita,
911 2954 945 3001 45

231 3012 283 3063 Aut
297 3013 332 3063 illi
350 3015 439 3064 vellem
456 3012 596 3081 displicuisse
613 3025 687 3069 tium.
710 3050 712 3054 -
789 3072 791 3076 ,

197 3081 250 3144 Tu,
266 3087 306 3151 qui
318 3104 364 3154 pro
382 3100 450 3154 tapta
469 3085 580 3145 nimidm,
594 3085 729 3144 Menelai,
739 3084 848 3144 laboras,
882 3085 884 3090 ’

231 3158 282 3208 Hei
296 3158 374 3209 mihis
393 3163 463 3225 quim
477 3160 557 3210 multis
566 3158 651 3214 flebilis
666 3159 730 3213 ultor
742 3156 794 3279 eript
802 3155 808 3205 !

805 3245 823 3281 v
