2392 3892
311 460 556 530 Rimanti
584 450 806 531 Amoris,
860 482 932 555 271

216 578 334 633 Forsitan
349 596 364 627 a
379 579 480 628 Laribus
495 577 577 644 patriis
593 578 660 629 exire
676 579 789 646 pigebit3

254 654 305 704 Sed
321 666 402 702 tamen
420 652 516 709 exibis3
537 654 624 702 deinde
641 653 721 703 redite
737 656 817 704 voles.

215 728 275 778 Nec
291 738 318 775 te
334 725 382 775 Lar
397 726 508 792 patrius,
526 725 566 775 sed
581 742 649 776 amor
664 727 791 777 revocabit
806 727 907 789 amice,

255 798 414 850 Praetendens
431 800 507 864 culpae
523 798 644 865 splendida
660 802 736 849 verba
752 801 810 853 suae,
943 816 995 865 240

218 870 284 924 Cdm
301 872 373 921 semel
391 872 497 930 eriieris,
517 885 614 923 centum
630 872 715 923 solaria
732 891 796 925 curae

257 946 291 996 Et
307 962 366 1003 rus,
386 946 412 996 dt
428 946 548 1005 comites,
566 947 591 998 δι
605 945 645 996 via
659 947 733 1014 longa
750 947 850 1001 dabunt.

217 1018 276 1071 Nec
293 1017 348 1068 satis
362 1016 409 1067 effe
424 1031 481 1084 puta
498 1017 621 1069 discedere
638 1034 648 1070 ι
663 1021 743 1069 lentus
759 1021 859 1079 abesto,

257 1092 325 1142 Dum
342 1091 426 1157 perdat
442 1093 527 1150 vires,
546 1092 627 1159 sitque
643 1092 695 1143 sine
708 1093 786 1161 igne,
806 1094 877 1145 cinis.

221 1164 248 1217 Si
259 1197 267 1225 ‚
277 1165 332 1223 nisi
346 1163 455 1223 firmati,
472 1166 630 1231 properabis,
648 1178 748 1225 mente,
766 1168 878 1226 reverti,
943 1183 993 1230 245

258 1238 353 1288 Inferet
369 1254 433 1287 arma
447 1238 490 1287 tibi
507 1238 567 1288 saeva
582 1240 681 1288 rebeliis
699 1239 786 1293 Amor.

220 1308 314 1375 Quid?
331 1310 415 1377 quod,
431 1322 458 1359 ut
468 1310 591 1374 abfueris,
609 1312 692 1361 avidus
701 1313 834 1379 sitiensque
843 1314 933 1365 redibis
944 1332 954 1373 3

259 1385 292 1433 Et
309 1382 409 1449 spatium
425 1382 512 1432 damno
529 1381 625 1432 cesserit
638 1399 711 1432 omne
727 1384 795 1434 tuo?

220 1457 338 1515 Viderit,
355 1456 489 1507 Haemoniae
504 1456 525 1506 si
540 1456 592 1522 quis
607 1456 669 1504 mala
683 1457 771 1521 pabula
785 1469 878 1518 terrae,
915 1451 919 1456 ’

218 1583 221 1588 4
258 1530 292 1580 Et
307 1530 411 1596 magicas
427 1541 491 1579 artes
505 1528 571 1595 poffe
587 1528 673 1595 juvare
687 1541 767 1595 putat.
944 1546 996 1594 250

219 1604 266 1656 Ista
282 1600 394 1653 veneficii
411 1616 482 1652 vetus
497 1602 531 1651 est
546 1602 585 1651 via
601 1618 609 1652 t
625 1602 707 1652 noster
722 1604 813 1671 Apollo
905 1618 910 1622 ’

257 1677 390 1726 innocuam
405 1675 472 1725 sacro
490 1675 594 1724 carmine
612 1675 725 1726 monstrat
741 1693 823 1743 opem.
917 1742 920 1745 Ι

220 1748 266 1801 Me
284 1751 366 1807 duce,
383 1763 433 1799 non
449 1749 542 1798 tumulo
559 1749 657 1814 prodire
674 1748 796 1814 jubebitur
811 1753 913 1811 umbra;

258 1824 317 1873 Non
334 1838 392 1871 anus
410 1821 491 1871 infami
507 1822 612 1897 carmine
630 1834 726 1889 rumpet
742 1824 850 1876 humum.

220 1898 279 1949 Non
296 1896 364 1963 seges
380 1912 411 1946 ex
427 1895 479 1946 aliis
494 1896 554 1945 alios
570 1896 682 1946 transibit
697 1896 722 1947 in
739 1914 831 1965 agros3
941 1914 992 1962 255

258 1970 313 2019 Nec
328 1967 406 2019 subito
422 1969 512 2019 Phoebi
523 1970 625 2033 pauidus
642 1970 708 2020 orbis
724 1973 779 2022 erit.

220 2042 258 2094 Ut
274 2043 354 2100 solet,
372 2058 497 2107 aequoreas
514 2041 558 2091 ibit
573 2043 704 2092 Tiberinus
719 2044 744 2091 in
761 2044 859 2103 undas3
913 2041 915 2046 ’

257 2115 294 2167 Ut
310 2116 389 2172 solet,
406 2116 431 2165 in
446 2114 522 2165 niueis
538 2114 606 2163 Luna
621 2114 727 2164 vehetur
741 2116 822 2180 equis.
877 2120 879 2124 '

220 2190 295 2241 Nulla
310 2180 445 2240 recantatas
462 2188 587 2254 deponent
601 2188 703 2254 pedore
717 2201 807 2246 curass

257 2264 312 2313 Nec
329 2262 406 2330 fugiet
421 2260 479 2311 vivo
494 2260 583 2311 sulfure
598 2261 675 2310 vitius
690 2276 767 2309 amor.
942 2260 994 2312 260

221 2334 290 2400 Quid
304 2349 329 2386 te
346 2335 468 2386 Phasiacae
479 2333 596 2400 juverunt
611 2332 717 2403 gramina
731 2345 822 2402 terrae,

259 2408 321 2458 Cum
337 2425 439 2474 cuperes
456 2407 553 2475 patrib,
572 2406 680 2464 Coichi,
697 2424 796 2459 manere
814 2403 909 2457 domo?

221 2480 290 2547 Quid
306 2482 349 2531 tibi
363 2483 525 2547 profuerunt,
545 2479 639 2538 Circe,
657 2480 785 2532 Perseides
801 2482 883 2532 herbae
896 2514 903 2539 ,

259 2552 321 2604 cum
337 2556 377 2606 sua
392 2556 499 2605 Neritias
516 2554 609 2605 abstulit
624 2572 681 2605 aura
697 2554 786 2607 tates?

222 2626 313 2677 Omnia
327 2628 421 2685 fecisti,
441 2644 472 2677 ne
489 2628 589 2676 callidus
605 2628 693 2693 hospes
709 2618 808 2692 abitet3
943 2624 975 2675 26
981 2640 992 2687 5

258 2699 304 2748 llle
321 2699 388 2747 dedit
402 2710 476 2747 certae
491 2698 565 2747 lintea
581 2701 653 2764 plena
667 2700 741 2765 fuga.

221 2771 312 2825 Omnia
328 2770 423 2828 fecisti,
441 2786 473 2820 ne
487 2781 514 2819 te
530 2770 595 2819 ferus
613 2783 696 2820 ureret
710 2770 771 2837 ignis
784 2786 794 2828 ς

258 2846 357 2911 Longus
373 2854 398 2891 at
414 2841 607 2908 invitopehore
625 2843 685 2892 sedit
700 2860 778 2894 amor.

220 2918 329 2973 Vertere
345 2921 401 2984 'quae
416 2909 514 2983 poteras
530 2915 641 2967 homines
657 2917 681 2966 in
696 2917 761 2967 mille
777 2913 885 2985 figuras3

258 2993 315 3042 Non
329 3004 427 3057 poteras
443 2988 515 3039 animi
531 3000 630 3039 vertere
647 2988 699 3054 iura
713 2991 760 3041 tui.
942 3005 994 3053 270

223 3063 320 3115 Diceris
336 3065 372 3115 his
390 3066 481 3122 etiam,
499 3060 554 3113 cdm
570 3060 618 3127 jam
634 3064 757 3114 discedere
773 3064 869 3124 vellet,

259 3137 399 3191 Dulichium
413 3137 493 3194 verbis
511 3134 635 3189 detinuiffe
652 3138 758 3198 ducem3

818 3228 885 3279 Mis
