2392 3892
333 443 406 512 166
456 437 663 506 OVIDII
690 437 942 509 Amorum

329 560 383 611 Nec
400 559 444 609 nisi
461 571 507 615 tu,
525 555 610 605 nostris
627 558 761 607 cantabitur
776 560 825 607 ulla
842 560 939 609 libellis.

365 634 468 701 Ingenio
484 629 564 681 causas
580 641 609 679 tu
627 629 693 708 dabis
708 647 755 680 una
770 647 838 683 meo.

358 738 1006 813 ψ

399 854 692 925 ·ELEG1A
730 858 1021 923 XVIII..

330 952 499 1073 Cenum
514 1020 561 1071 ad
553 1032 640 1071 tratum
651 1019 706 1070 dum
714 1031 743 1070 tu
752 1018 864 1086 perducis
875 1016 1008 1109 Achillen,

362 1089 507 1159 Primaque
499 1095 585 1159 juratis
602 1094 680 1143 induIs
694 1109 757 1142 arma
772 1092 852 1150 viris·

322 1162 394 1221 Nos,
411 1164 516 1225 Macer,
532 1166 619 1234 ignava
634 1164 740 1217 Veneris
756 1162 891 1224 cedamus
882 1180 908 1211 m
923 1164 1006 1212 umbra
1022 1176 1031 1212 t

362 1234 394 1284 Et
410 1248 481 1288 tenet
498 1239 596 1289 ausuros
613 1238 710 1307 grandia
724 1236 813 1304 frangit
829 1235 916 1285 Amor.

299 1306 392 1375 5Saepe
407 1326 486 1370 meae,
502 1311 631 1370 Tandem,
647 1312 713 1370 dixi,
729 1309 843 1369 discede,
857 1308 970 1374 puellae·

360 1381 388 1429 lu
403 1386 496 1449 gremio
511 1384 572 1435 sedit
587 1385 698 1450 protinus
713 1384 754 1433 illa
768 1389 835 1432 m'eo.

322 1452 413 1519 Saepe,
432 1449 527 1515 Pudet,
546 1458 616 1507 dixi:
632 1456 744 1522 lacrymis
759 1456 801 1504 vix
815 1456 855 1503 illa
871 1452 996 1512 retentis,

358 1526 402 1575 Me
418 1528 548 1579 miseram.
542 1528 572 1563 ¹⁸
542 1546 613 1614 ,ιιιιι
625 1540 671 1588 te,
688 1528 766 1587 dixit,
783 1542 863 1577 amare
879 1524 977 1591 pudet?

321 1598 489 1667 ImpIIcuitque
504 1601 595 1651 suos
574 1618 666 1652 circum
682 1617 736 1650 mea
754 1600 817 1650 colla
832 1600 960 1648 lacertos:

279 1685 312 1723 ιο
356 1671 405 1730 Et,
423 1690 477 1739 quae
491 1691 529 1724 me
545 1675 666 1740 perdunt,
685 1675 766 1723 oscula
781 1673 847 1721 mille
864 1671 941 1720 dedit.

319 1744 434 1803 Vincor3
453 1746 617 1814 &ingenium
631 1746 713 1797 sumtis
729 1758 861 1798 revocatur
873 1746 903 1793 ab
920 1740 1008 1793 armis:

354 1815 453 1883 Resque
468 1819 532 1869 domi
547 1819 643 1887 gestes,
664 1821 690 1886 dt
704 1836 758 1868 mea
772 1820 853 1877 bella,
872 1833 945 1867 cano.
998 1824 1000 1827 '

318 1886 420 1953 Sceptra
435 1900 517 1939 tamen
532 1891 620 1951 sumti,
640 1891 744 1957 curaque
758 1891 888 1959 Ttagoedia
903 1887 990 1939 nostra

352 1958 457 2011 Crevit·
471 1961 497 2011 dt
511 1962 567 2011 huic
583 1963 668 2030 operi,
688 1961 757 2030 qu'lm
772 1964 851 2022 libet,
866 1974 936 2029 aptus
950 1976 1023 2011 eram.

277 2047 306 2099 15
317 2030 381 2082 Risit
391 2032 467 2083 Amor
473 2036 625 2102 ,pallamque
636 2053 730 2095 meam,
741 2036 865 2103 pillosque
876 2036 1024 2093 cothurnos,

355 2105 504 2174 Sceptraque
520 2108 613 2175 privata
627 2122 677 2159 tam
692 2108 741 2170 citd
756 2110 831 2159 sumta
846 2125 927 2159 mauu.

316 2176 381 2228 Hinc
396 2196 492 2248 quoque
508 2198 547 2231 me
562 2182 665 2232 dominae
680 2199 769 2233 numen
783 2182 883 2232 deduxit
896 2180 1005 2247 iniquae

351 2252 441 2317 Deque
456 2255 604 2305 cothurnato
618 2268 674 2307 vate
688 2257 818 2322 triumphat
826 2254 913 2303 Amor
993 2261 997 2270 '

316 2322 391 2389 Quod
406 2325 482 2381 licet,
499 2340 541 2377 aut
553 2328 627 2379 Artes
641 2329 721 2379 teneri
733 2326 874 2409 profitemur
886 2323 1005 2375 Amorist

272 2410 306 2446 20
351 2395 400 2445 Hei
415 2398 496 2447 mihi!
513 2402 641 2468 preceptis
656 2418 746 2467 urgeor
761 2397 808 2449 else
824 2396 893 2447 meis.

315 2467 382 2526 Aut,
401 2472 466 2535 quod
478 2471 615 2541 Penelopes
630 2475 709 2524 verbis
725 2472 839 2521 reddatur
852 2470 957 2538 Ulyssi,

351 2541 498 2604 Scribimus,
517 2559 559 2596 aut
575 2550 710 2613 lacrymas,
728 2543 806 2611 Phylli
821 2544 921 2601 relidla,
937 2557 1003 2595 tuas.

313 2613 389 2678 Quod
396 2614 477 2677 Paris,
487 2619 512 2669 dt
519 2619 662 2677 Macareus,
671 2618 697 2668 dt
707 2618 771 2685 quod
779 2619 842 2667 male
851 2630 932 2685 gratus
942 2617 1023 2676 lason,

350 2688 527 2759 Hippolytique
542 2709 646 2759 parens,
661 2688 858 2759 Hippolytusque
875 2693 977 2758 legante

270 2773 302 2822 25
314 2760 437 2828 Quodque
452 2778 538 2815 tenens
553 2764 654 2814 stritlum
668 2764 737 2815 Dido
752 2764 889 2815 miserabilis
904 2764 985 2814 ensem

349 2833 442 2895 DIcat,
460 2838 486 2888 St
500 2837 587 2888 AEoliae
604 2838 689 2888 Lesbis
704 2839 778 2887 amica
795 2840 863 2904 lyrae.

313 2904 394 2970 Qulm
404 2907 474 2971 ¹celer
489 2926 502 2958 e
519 2923 575 2961 toto
589 2912 661 2961 rediit
677 2929 743 2961 meus
759 2912 818 2960 orbe
833 2906 954 2970 Sabinus,

349 2980 489 3047 Scriptaque
505 2983 607 3033 diversis
623 2984 707 3033 tetulit
721 2982 771 3046 ipse
787 2979 868 3030 locis!

312 3051 419 3101 Candida
433 3052 557 3119 Penelope
573 3056 666 3123 signum
679 3050 794 3120 cognovit
808 3050 925 3119 Ulyssisz

267 3134 301 3189 30
347 3123 419 3191 Legit
433 3125 615 3195 ab·llippolyto
632 3126 718 3195 scripta
733 3141 839 3178 noverca
855 3124 908 3179 suo·
