2392 3892
273 457 344 547 148
396 455 606 524 Orruit
633 455 882 528 Aponon

300 591 945 665 «ετξ-ἥξετε»

430 729 683 795 ELEGIA
737 730 814 794 IV.

267 825 329 943 ἸΝ
342 901 387 939 on
401 905 449 957 ego
464 888 591 940 mendosos
605 888 679 940 ausim
694 888 825 940 defendere
839 906 943 950 mores,

305 962 419 1030 Falsaque
435 979 480 1029 pro
494 962 558 1012 vitiis
574 979 639 1011 arma
652 978 756 1014 movere
771 963 839 1014 meis.

269 1034 415 1095 Confiteor,
432 1036 453 1085 si
469 1034 525 1101 qnid
541 1034 638 1101 prodest
654 1034 738 1084 delidla
756 1035 848 1087 fateris

304 1109 332 1157 ln
348 1124 401 1157 mea
417 1124 480 1157 nunc
498 1109 595 1157 demens
611 1107 726 1165 crimina,
746 1106 834 1165 fassus,
855 1124 898 1157 eo.

244 1179 319 1247 5Odi
333 1195 340 1229 :
356 1195 402 1228 nec
417 1178 508 1245 possum
524 1181 622 1245 cupiens
639 1196 688 1229 non
704 1178 770 1238 elie,
789 1181 854 1245 quod
872 1180 925 1231 odi.

304 1251 376 1302 Heu!
386 1256 471 1317 quim,
483 1270 536 1319 qnae
546 1251 638 1303 studeas
648 1268 755 1318 ponere,
764 1251 828 1301 serre
839 1269 914 1319 grave
925 1250 974 1304 etl!

265 1323 329 1377 Nam
346 1324 431 1375 desunt
443 1326 508 1376 vires
524 1326 555 1375 ad
570 1342 610 1377 me
624 1326 682 1377 mihi
694 1325 781 1393 jusque
795 1326 939 1393 regendum.

303 1397 429 1458 Auferor,
449 1411 476 1448 ut
490 1396 572 1464 rapidi
587 1400 684 1448 concita
699 1397 785 1464 puppis
801 1398 872 1471 aqui.
959 1430 965 1440 ·

266 1471 325 1521 Non
340 1470 375 1521 est
391 1484 457 1521 certa
473 1487 540 1520 meos
555 1486 609 1536 quae
626 1470 702 1520 sorana
718 1470 797 1520 irritet
812 1487 929 1523 amores:

226 1560 257 1595 10
303 1544 408 1593 Centum
425 1544 479 1594 sunt
494 1542 588 1602 causae,
608 1558 651 1591 cur
668 1559 715 1610 ego
730 1542 823 1607 semper
840 1561 928 1594 amem.

266 1616 322 1666 Sive
339 1617 418 1681 aliqua
436 1615 469 1665 est
485 1617 570 1665 oculos
584 1615 609 1665 in
625 1615 649 1666 se
667 1614 761 1681 dejesta
778 1614 920 1677 modestos,

303 1687 369 1738 Uror
387 1704 394 1737 ε
412 1688 438 1738 dt
453 1688 547 1737 insidiae
564 1687 617 1737 sunt
632 1689 711 1753 pudor
726 1688 768 1737 ille
785 1704 854 1738 meae.

265 1759 323 1810 Sive
331 1776 422 1824 procax
432 1761 509 1827 aliqua
522 1759 571 1818 eli,
584 1758 668 1825 capior
678 1777 688 1818 3
701 1761 755 1827 quia
765 1760 850 1810 rustica
861 1777 912 1811 non
923 1760 975 1822 esi,

301 1832 421 1898 Spemque
439 1833 479 1883 dat
495 1833 518 1882 in
534 1832 601 1880 molli
616 1833 712 1882 mobilis
729 1831 776 1881 esse
790 1844 858 1883 toro.

224 1922 234 1957 t
241 1922 253 1970 5
266 1903 356 1969 Aspera
367 1904 389 1952 si
402 1898 451 1951 visa
466 1904 517 1961 est,
537 1903 673 1969 rigidasque
689 1904 781 1972 imitata
797 1904 898 1956 Sabinas
911 1922 921 1965 ς

299 1976 391 2033 Velle,
408 1975 448 2025 sed
462 1991 494 2025 ex
510 1976 561 2027 alto
578 1974 746 2034 dissimulare,
766 1989 836 2042 puto.

265 2048 321 2108 Sive
338 2047 371 2098 est
386 2048 475 2107 dosia,
492 2050 574 2113 placet
588 2064 655 2099 ratas
671 2049 755 2099 dotata
771 2066 815 2115 per
831 2062 917 2103 artes:

300 2121 357 2173 Sive
371 2122 455 2181 rudis;
471 2123 566 2188 placeat
582 2121 734 2189 simplicitate
752 2122 801 2172 sui,

264 2196 323 2251 Est.
344 2212 397 2261 quae
413 2194 554 2246 Callimachi
570 2211 620 2261 prae
636 2194 719 2245 noslris
736 2194 819 2245 rustica
836 2196 902 2247 dicat

221 2284 255 2321 ao
302 2269 437 2318 Carmina:
455 2268 494 2317 cui
510 2270 616 2334 placeo,
637 2269 746 2335 protinus
763 2268 812 2333 ipsa
827 2270 918 2333 placet.

265 2339 386 2391 Etleuam
398 2372 406 2397 ‚
421 2357 473 2406 quae
484 2358 522 2389 me
533 2353 614 2390 uatem
626 2342 651 2391 δι
662 2357 715 2409 mea
726 2340 828 2389 carmina
839 2342 942 2407 culpet:

301 2412 426 2477 Culpantis
445 2413 537 2478 cupiam
553 2412 678 2463 sustinuisse
695 2412 782 2462 semtu.

263 2483 374 2533 Molliter
390 2483 499 2543 incedit,
517 2498 585 2535 motu
603 2484 667 2550 capit
683 2486 781 2535 :altera
797 2484 856 2534 dura
874 2485 931 2545 esl3

210 2557 220 2569 '⁸
298 2556 333 2607 At
350 2558 441 2622 poterit
456 2557 520 2606 tasio
537 2559 633 2608 mollior
648 2556 695 2607 esse
709 2557 773 2606 vito.
877 2597 886 2608 .

219 2646 252 2693 25
263 2629 324 2681 llaec
340 2631 393 2696 quia
410 2630 480 2680 dulce
498 2632 580 2691 canit,
597 2629 718 2695 lledlitque
735 2628 846 2680 facillima
861 2640 973 2701 rocem}

300 2702 390 2753 Oscula
407 2704 512 2753 cantanti
527 2716 595 2770 rapta
611 2702 698 2753 dedisse
714 2704 797 2753 velim.

158 2834 165 2842 N
264 2775 323 2825 llaec
338 2776 449 2843 querulas
462 2775 517 2844 agili
531 2775 650 2844 percurrit
664 2777 754 2842 pollice
769 2776 890 2827 chordas:

298 2850 361 2899 Tam
379 2850 459 2899 dossas
477 2851 528 2915 quis
543 2866 593 2899 non
607 2851 684 2915 possit
697 2866 775 2900 amare
790 2847 896 2897 manus?

215 2976 218 2981 ,
263 2920 307 2971 llla
319 2924 400 2986 placet
415 2921 499 2987 gestu,
519 2923 693 2989 numerosaque
708 2920 803 2978 brachia
818 2918 906 2979 ducit,

220 3006 253 3060 30
299 2993 331 3043 Et
347 3006 456 3043 tenerum
471 2995 538 3043 molli
555 3005 654 3060 torquet
670 2994 700 3041 ali
715 3003 769 3040 arte
785 2991 856 3041 latus.

264 3067 299 3117 Ut
313 3076 406 3114 taceam
421 3066 451 3115 de
467 3082 523 3125 me,
541 3066 582 3132 qui
596 3064 666 3115 causi
680 3077 767 3130 tangor
781 3063 810 3111 ab
827 3065 914 3135 omnig⁴

298 3137 351 3193 llic
366 3136 526 3207 Hippolytum
540 3152 625 3205 pone,
644 3134 742 3205 Priapus
758 3136 815 3190 etit.
834 3213 840 3222 ἱ
