2392 3892
145 498 148 505 ·
222 443 403 564 stim
427 475 475 543 rr.
500 471 686 543 nucu
712 477 801 546 ΧΠ.
831 496 903 570 159

199 590 249 657 lpsa
264 607 336 657 roges
347 624 355 649 ,
366 590 475 659 'Zephyri
489 594 588 643 veniant
604 593 628 641 in
644 594 718 643 lintea
733 593 793 647 soli:

236 664 288 730 lpsa
304 665 346 713 tuh
362 681 460 714 moveas
476 667 571 732 turgida
589 667 644 717 vela
661 682 742 715 manu.

202 734 293 787 Primus
309 753 356 803 ego
373 737 483 802 aspiciam
498 751 579 787 notam
595 739 626 788 cle
643 740 716 788 litore
733 739 835 803 pinum3

172 862 177 868 ,
235 808 266 857 Et
284 809 378 867 dicam,
397 810 497 860 Noslros
513 812 611 861 advehit
625 812 664 860 illa
681 812 771 863 Deos:

202 880 371 947 Excipiamque
381 882 488 931 humeris
500 916 507 940 ,
525 882 550 932 ἃ
561 885 636 936 multa
645 885 698 933 sine
709 885 793 934 ordine
805 902 898 951 carpam
916 901 948 948 45

237 954 329 1005 Oscula
346 970 354 1003 ι
371 970 416 1018 pro
432 955 511 1004 reditu
527 955 622 1006 vislima
636 968 694 1006 vota
712 958 792 1007 cadet.

202 1024 275 1092 inque
291 1025 342 1074 tori
357 1026 457 1076 sormam
474 1028 559 1079 molles
573 1029 709 1079 sl'ernenrur
725 1046 826 1081 areaaet

234 1099 266 1148 Et
281 1099 386 1148 tumulus
401 1100 486 1150 mensae
504 1102 604 1166 quilibet
618 1102 687 1152 instar
704 1103 760 1153 erit.

202 1169 251 1220 lllic
268 1172 381 1235 apposito
396 1173 500 1223 narrabis
517 1176 590 1225 multa
606 1176 719 1243 Lyaeo,.

235 1243 305 1293 Paene
322 1245 353 1294 sit
368 1256 395 1293 ut
411 1246 496 1295 mediis
513 1249 598 1297 obruta
615 1249 681 1299 navis
698 1249 785 1314 aquis:
916 1262 950 1310 50

203 1314 312 1382 Dumque
324 1317 403 1366 adme
414 1334 531 1384 properas
542 1352 549 1377 ,
565 1336 611 1370 nec
621 1321 707 1385 iniquae
717 1332 826 1386 tempora
837 1320 912 1371 nouis
924 1354 932 1379 ,

234 1389 330 1438 Necte
347 1390 483 1455 praecipites
500 1392 631 1459 extimuisse
647 1394 737 1441 Notos.

203 1458 287 1511 Omnia
305 1478 350 1528 pro
367 1463 431 1512 veris
448 1464 563 1522 credam,
582 1466 632 1514 sint
647 1464 700 1515 sista
717 1465 809 1514 licebit.

236 1532 286 1583 Cur
304 1552 351 1602 ego
368 1552 419 1585 non
431 1537 495 1587 votis
512 1537 619 1587 blandiar
636 1538 684 1604 ipse
700 1533 782 1585 meis?

189 1601 258 1669 ⁸llaec
274 1607 331 1656 mihi
346 1610 415 1673 quim
432 1607 551 1675 primiim,
569 1613 633 1661 coelo
647 1608 799 1661 nitidissimus
814 1610 884 1665 alto,
919 1622 950 1670 55

233 1678 332 1729 Lucifer
349 1680 445 1733 admisso
463 1694 573 1749 tempora
589 1696 672 1749 portet
690 1699 764 1751 equs,

229 1788 874 1875 cfflar-aufflssss-a—:s

342 1910 598 1977 ELEGIA
649 1907 759 1971 XII.

200 2002 234 2117 ἶ
244 2080 287 2117 τε
306 2070 460 2135 triumphales
479 2070 567 2118 circum
582 2085 635 2118 mea
652 2080 760 2131 tempora
778 2065 861 2114 lauris

232 2133 341 2193 Vicimus
358 2158 366 2191 a
382 2142 406 2189 in
423 2140 503 2189 nostro
519 2139 552 2189 ell
568 2156 627 2187 ecce
644 2138 751 2186 corinna
769 2137 831 2183 sinu.

198 2210 275 2275 Quam
287 2213 339 2271 vir,
353 2229 422 2280 quam
434 2212 527 2269 custos,
541 2227 611 2276 quam
621 2209 691 2274 janua
700 2207 780 2265 firma,
793 2219 830 2255 tot
839 2204 934 2264 hostes,

232 2286 433 2344 Servabant;·ne
449 2284 495 2352 qui
511 2282 589 2348 posset
605 2284 634 2331 ab
650 2294 702 2331 arte
720 2280 783 2345 capi.

199 2355 257 2407 llaec
273 2358 306 2407 est
322 2354 448 2425 praecipuo
463 2356 563 2409 victoria
580 2357 650 2422 digna
664 2354 806 2419 triumpho,
919 2366 932 2417 5

232 2431 260 2479 ln
276 2447 341 2496 qua,
362 2447 518 2498 quaecumque
536 2429 587 2486 esi,
605 2429 717 2496 sanguine
732 2427 812 2493 praeda
828 2436 906 2476 caret.

197 2501 254 2551 Non
269 2504 371 2553 humiles
389 2504 469 2564 muri,
487 2520 537 2553 non
552 2502 631 2569 parvis
648 2502 735 2569 oppida
749 2500 820 2551 fossis

234 2575 339 2635 einum
357 2577 399 2626 sed'
413 2577 446 2628 esi
463 2576 534 2627 ‹luuu
550 2588 620 2641 capta
634 2577 715 2641 puella
731 2591 796 2624 meo.

197 2644 314 2715 Pergama
329 2647 382 2698 clun
397 2650 535 2709 caderent,
548 2651 614 2699 bello
632 2649 739 2713 superata
754 2642 866 2700 bilustris

212 2771 214 2775 .
233 2721 271 2771 Ex
285 2733 341 2779 tot,
359 2722 383 2769 in
398 2722 482 2773 Atrida
496 2740 552 2789 pars
570 2736 645 2788 quota
660 2721 737 2771 laudis
757 2715 833 2766 erat?
918 2726 950 2763 10

197 2791 231 2844 ht
247 2811 301 2844 mea
317 2793 422 2860 seposita
437 2795 489 2854 esi,
507 2796 576 2847 &ab
593 2793 659 2845 omni
675 2793 750 2841 milite
769 2785 852 2838 differs

235 2866 321 2917 Gloria
336 2884 346 2917 t
361 2884 408 2918 nec
423 2868 517 2919 titulum
533 2866 639 2918 muneris
656 2866 718 2915 alter
731 2863 815 2912 habet.
877 2930 885 2944 ι

198 2937 242 2988 Me
258 2940 338 2999 duce,
358 2942 387 2990 ad
405 2942 465 2991 hanc
482 2942 535 2992 voti
551 2941 643 2997 linem,
662 2955 701 2987 me
717 2936 812 2990 milite,
829 2946 905 2985 vem-t

235 3013 287 3077 lpse
305 3030 397 3079 eques,
417 3016 465 3080 ipse
482 3015 576 3081 pedes,
598 3012 699 3079 signifer
714 3010 763 3076 ipse
780 3006 825 3057 sui.

200 3084 257 3144 Nec
275 3086 351 3135 casum
367 3088 474 3138 Fortuna
488 3090 547 3137 meis
564 3085 688 3135 immiscuit
705 3082 783 3132 aslis}
913 3088 951 3139 '15

234 3156 291 3211 Huc
307 3158 384 3221 ades,
399 3160 418 3214 ὃ
432 3162 439 3213 l
458 3160 515 3213 curi
526 3193 539 3221 ,
551 3172 622 3227 parte
635 3157 767 3224 Triumphe
777 3188 790 3214 a
802 3149 875 3202 mei!
