2392 3892
278 429 325 497 28
376 428 416 493 P.
445 425 631 494 OVIDII
658 426 884 495 Naroma

218 560 264 607 155
278 549 360 613 thue
381 564 427 612 ego
448 546 561 594 deslitnor
581 543 670 606 conjux
692 558 817 609 materque
834 546 950 602 duorum,

314 621 337 669 Α
352 621 457 670 totidem
475 621 536 669 natis
549 620 607 667 orba
618 618 649 667 sit
664 650 671 674 ,
687 630 760 682 atque
777 619 841 667 viro.

279 694 332 743 Nec
350 696 411 742 male
426 706 494 757 parta
510 693 550 741 diu
561 702 661 747 teneat3
677 687 793 757 pejusque
803 693 934 758 relinquat.

317 767 430 822 Exsulet‚
444 766 538 815 &toto
558 775 650 828 quaetat
673 764 697 811 in
712 766 771 812 orbe
784 763 874 831 sugam.

282 839 360 903 Quam
376 840 442 892 fratri
462 853 574 905 germana
590 836 654 893 suit,
672 835 807 902 miseroque
822 837 919 903 parenti

221 909 269 960 160
318 914 376 963 Filia
389 948 396 971 ‚
407 925 456 961 tam
470 912 546 969 natis,
559 922 607 960 tam
615 909 647 959 sit
655 911 742 959 acerba
752 911 816 959 viro.

259 1026 263 1036 .
283 985 343 1037 Cion
357 1003 441 1041 mare,
457 983 510 1034 crim
525 997 602 1032 terras
619 982 790 1041 consumserit,
806 983 860 1031 aera
873 993 966 1033 tentet:

319 1060 389 1108 Erret
404 1060 489 1121 inops,
507 1056 609 1120 exspes,
621 1055 689 1103 caede
706 1068 805 1105 cruenta
822 1056 873 1104 sua.

283 1133 343 1183 Haec
361 1148 408 1196 ego
422 1128 537 1195 conjugio
549 1126 657 1176 fraudata
668 1126 803 1178 Thoantias
816 1144 882 1179 oro:

320 1205 404 1258 Viuite
422 1202 530 1259 devoto,
550 1212 671 1266 nuptaque
688 1200 791 1266 virque,
808 1213 875 1251 toto.

268 1307 959 1396 ¹t=z====333======a

401 1428 743 1493 EPISTOLA
784 1430 880 1495 Vll.

466 1554 810 1614 DavoAEnzAE.
914 1555 918 1559 ’

331 1649 355 1667 χ

292 1645 330 1765 S
348 1726 357 1759 1
369 1722 384 1759 c
396 1742 404 1767 ,
418 1709 458 1759 ubi
477 1709 526 1760 fata
536 1722 646 1767 vocant,
663 1709 716 1759 udis
729 1708 835 1775 abjestus
854 1710 988 1771 inberbis,

325 1785 363 1832 Ad
379 1784 439 1832 vada
454 1783 572 1833 Maeandri
591 1783 699 1833 concinit
716 1784 783 1833 albus
794 1785 858 1833 olor.

289 1858 358 1913 Nec,
372 1857 425 1921 quia
445 1869 470 1905 te
486 1856 565 1906 nostri
578 1856 671 1921 sperem
688 1873 761 1921 prece
775 1856 839 1921 posse
848 1861 959 1922 moveri,

327 1930 466 1994 Alloquor:
486 1929 587 1977 adverso
604 1929 722 1980 movimus
737 1929 779 1977 isla
797 1931 865 1981 Deo.
973 1986 975 1990 ,

266 2018 278 2068 5
292 2001 564 2060 Sedmerita&samam,
573 2003 867 2068 corpusqueanimumquc
875 2004 992 2071 pudicum,

330 2074 391 2125 Crim
404 2075 465 2124 mal'c
481 2075 643 2140 perdiderim,
661 2075 763 2139 perdere
777 2078 870 2133 verba,
885 2082 941 2130 leve
956 2080 993 2131 ess.

296 2150 385 2199 Certus
401 2167 426 2199 es
444 2150 478 2199 ire
491 2162 589 2207 tamen,
602 2147 757 2215 miseramque
768 2150 906 2215 relinquere
917 2154 994 2205 Didot

331 2224 412 2290 Atque
426 2221 490 2272 idem
503 2222 571 2271 venti
589 2224 644 2271 vela
656 2220 776 2287 fidemque
793 2222 882 2273 ferent.
952 2282 954 2287 ,

298 2296 385 2345 Certus
403 2313 444 2354 es,
457 2295 553 2353 AEnea,
570 2312 622 2344 cum
635 2295 727 2345 loedere
739 2295 832 2343 solvere
841 2313 923 2350 naves
939 2318 947 2354 ε

253 2373 285 2409 ¹0
334 2368 444 2434 Quaeque
460 2368 501 2416 ubi
516 2368 564 2417 sint
578 2366 672 2424 nescis,
688 2366 748 2415 Itala
762 2381 836 2430 regna
853 2368 931 2434 sequi.

297 2443 350 2491 Nec
369 2456 433 2489 nova
447 2440 587 2506 Carthago,
601 2455 647 2487 nec
664 2450 690 2486 te
705 2437 836 2487 crescentia
850 2452 955 2511 tangunt

335 2513 446 2570 Moenia,
461 2528 505 2561 nec
521 2512 617 2577 sceptro
631 2510 717 2560 tradita
731 2510 816 2560 summa
831 2524 885 2563 tuo.

299 2586 444 2652 Faslasugis
460 2584 588 2642 ,facienda
604 2583 684 2650 petis:
699 2583 827 2649 quaerenda
842 2603 888 2652 per
904 2592 987 2642 orbem

337 2660 437 2710 Altera:
455 2658 553 2725 quaesita
567 2656 600 2706 est
611 2658 686 2706 altera
698 2669 763 2706 terra
777 2658 832 2707 tibi.

253 2742 263 2775 ¹
275 2740 287 2789 5
302 2735 337 2785 Ut
348 2747 435 2788 terram
449 2732 571 2789 invenias,
581 2731 634 2797 quis
646 2748 698 2780 eam
713 2731 843 2783 tihitradet
854 2731 999 2786 habendami

337 2806 400 2869 Quis
419 2806 459 2855 sua
473 2822 522 2855 non
540 2805 604 2855 notis
624 2822 679 2856 arva
696 2807 800 2856 tenenda
811 2806 899 2857 dabit?

301 2879 373 2930 Alter
382 2879 504 2929 habendus
513 2879 630 2929 amortibi
638 2879 724 2937 restat,
734 2880 759 2929 δι
768 2880 843 2927 altera
852 2882 935 2934 Dido:

340 2951 466 3015 Quamque
478 2952 564 3000 iterum
579 2953 661 3010 sallas,
677 2954 752 3001 altera
766 2950 842 3000 danda
856 2952 927 3006 fides.

302 3023 410 3089 Quando
426 3022 473 3071 erit
486 3035 514 3071 ut
529 3024 618 3073 condas
633 3024 702 3072 inslar
712 3022 862 3090 Carthaginis
872 3030 972 3092 urbem,

258 3094 891 3162 wfflfflmwmmmmm?
