2392 3892
279 462 353 513 212
405 440 615 512 OVIDIJ
642 443 893 513 Nasonis

279 560 370 609 Cetera
387 560 480 609 lascivas
498 560 607 620 faciant,
627 562 754 619 concede,
772 564 881 628 puellae5

315 632 346 681 Et
361 633 382 682 si
400 634 451 698 quis
465 635 527 682 male
545 634 583 684 vir
599 635 683 701 quaerit
701 636 790 683 habere
805 636 894 701 virum.

219 719 267 768 525
280 705 346 754 Ecce
358 705 424 754 suum
439 720 519 757 vatem
530 707 603 756 Liber
615 720 688 758 vocat
700 724 707 757 ε
719 708 759 756 hic
770 724 869 774 quoque
884 721 987 760 amantes

316 778 423 842 Adiuvat
436 796 444 837 ;
465 780 490 829 ὅ(
507 780 626 840 flammae,
646 780 693 847 qui
708 783 772 830 calet
788 780 857 845 ipse,
876 782 954 835 favet.

281 852 374 903 Gnosis
391 853 415 901 in
431 854 519 920 ignotis
536 870 619 903 amens
636 854 731 903 errabat
747 854 845 910 arenis,

318 923 375 989 Qud
390 927 471 975 brevis
488 926 607 992 aequoreis
622 926 671 976 Dia
687 926 773 993 feritur
788 928 870 993 aquis.

279 997 364 1064 thue
381 1011 433 1048 erar
449 1016 462 1047 e
479 998 561 1049 somno
578 999 659 1048 tunica
673 1001 753 1049 velata
769 1000 894 1060 recludi,

219 1083 271 1134 530
316 1072 387 1120 Nuda
403 1072 509 1137 pedem,
529 1088 630 1122 croceas
646 1072 768 1138 irreligata
784 1090 888 1131 comas;

279 1144 374 1192 Thesea
388 1143 510 1193 crudelem
526 1145 607 1193 surdas
622 1145 740 1194 clamabat
754 1144 785 1192 ad
801 1145 899 1203 undas,

316 1216 416 1282 lndignp
433 1227 530 1265 teneras
548 1215 623 1265 imbre
638 1217 732 1284 rigante
749 1233 833 1283 genas.

279 1288 421 1346 Clamabat,
438 1288 560 1355 flebatque
569 1289 639 1339 simul
650 1306 659 1347 3
676 1288 718 1339 sed
727 1300 855 1356 utrumque
867 1290 988 1343 decebat:

314 1362 368 1411 Nec
385 1361 445 1411 [adia
459 1361 493 1411 est
507 1363 618 1429 lacrymis
634 1363 729 1428 turpior
743 1363 784 1412 illa
801 1363 857 1415 suis.

219 1446 249 1498 53
256 1448 268 1496 5
280 1432 382 1501 Jamque
393 1436 478 1485 iterum
490 1436 594 1487 tundens
604 1435 741 1485 mollissima
752 1436 849 1501 peslora
860 1436 946 1503 palmia
958 1469 966 1495 ,

316 1507 424 1559 Perfidus
441 1509 482 1558 ille
498 1509 579 1560 abiit:
598 1509 654 1575 quid
672 1509 729 1558 mihi
746 1507 810 1557 fiet?
826 1510 870 1559 ait.

279 1580 346 1645 Quid
360 1580 418 1631 mihi
430 1580 495 1631 fiet?
514 1584 547 1632 ait
562 1598 569 1632 τ
586 1583 716 1632 sonuerunt
730 1582 837 1649 cymbala
854 1593 912 1632 toto

315 1653 419 1711 Litore,
439 1655 465 1704 δι
481 1655 584 1705 attoniti
598 1669 712 1721 tympana
728 1655 793 1720 pulsa
810 1671 892 1703 manu.

279 1725 374 1777 Excidit
388 1727 428 1776 illa
445 1740 531 1786 metu,
548 1729 661 1795 rupitque
676 1728 805 1777 novissima
820 1729 917 1778 verbaa

219 1810 270 1858 540
317 1801 404 1849 Nullus
419 1800 443 1848 in
459 1803 561 1850 exanimi
578 1798 682 1864 rdrpore
698 1801 790 1867 sanguis
807 1812 870 1850 erat.

277 1870 344 1920 Ecce
359 1872 539 1923 Mimallonides
556 1874 641 1938 sparsis
655 1875 679 1921 in
695 1885 763 1939 terga
779 1873 892 1937 capillis:

313 1944 378 1993 Ecce
396 1945 463 1994 leves
481 1944 581 2011 Satyri,
598 1945 689 2009 praevia
705 1947 776 2007 turba
792 1945 854 1996 Dei.

277 2015 362 2067 Ebrius
379 2032 440 2068 ecce
454 2017 527 2068 senex
543 2018 624 2084 pando
640 2018 735 2068 Silenus
751 2016 826 2067 asello

314 2090 365 2142 Vix
381 2091 468 2150 sedet3
486 2090 615 2158 &pressas
632 2091 742 2141 continet
756 2104 808 2142 arte
824 2089 905 2157 jubas.

218 2174 267 2224 545
278 2162 345 2214 Dum
353 2164 458 2231 sequitur
465 2165 685 2225 Bacchas,Bacchae
693 2165 836 2233 fugiuntque
843 2176 977 2231 petuntque
981 2179 990 2222 ;

315 2237 505 2304 Quadrupedem
519 2238 597 2289 serula
612 2240 667 2289 dum
681 2240 756 2288 malus
771 2250 842 2305 urget
857 2253 953 2303 eques;

277 2311 307 2361 ln
325 2322 397 2376 caput
411 2312 491 2362 aurito
510 2313 599 2361 cecidit
616 2312 725 2376 delapsus
740 2310 823 2359 asello.

316 2382 456 2433 Clamarunt
472 2384 570 2451 Satyri,
590 2384 668 2449 Surge
685 2399 749 2449 age,
767 2382 854 2447 surge,
870 2390 952 2445 pater.

277 2454 330 2508 Jam
347 2457 417 2505 Deus
430 2472 445 2505 e
459 2472 551 2510 curru,
567 2471 639 2521 qttem
654 2455 767 2503 summum
784 2464 881 2503 texerat
897 2454 971 2511 uvis,

217 2538 267 2585 550
314 2526 427 2593 Tigribus
442 2525 557 2590 adjunslis
574 2542 646 2576 aurea
663 2527 714 2575 lora
731 2526 812 2575 dabat.

277 2600 414 2658 Etcolor,
435 2600 461 2650 ἀ
477 2598 605 2657 Theseus,
625 2598 651 2648 dr
666 2615 716 2648 vox
732 2599 812 2648 abidre
828 2599 936 2664 puellae:

312 2673 411 2740 Terque
428 2672 508 2741 fugam
524 2672 612 2739 petiit,
630 2684 717 2739 terque
734 2672 829 2722 retenta
845 2685 922 2721 metu.

277 2746 400 2807 Horruit,
416 2758 444 2798 ut
461 2746 570 2805 steriles,
587 2745 662 2814 agitat
676 2762 733 2812 quas
748 2758 855 2802 ventus,
874 2743 970 2796 arislae:

313 2821 350 2870 Ut
367 2820 428 2871 levis
442 2821 467 2871 in
484 2820 577 2870 madida
592 2835 667 2869 canna
683 2820 771 2885 palude
787 2818 877 2869 tremit.

217 2904 266 2953 555
278 2891 325 2942 Cui
343 2894 402 2943 deus
413 2893 479 2955 ‚AEn
494 2894 573 2943 adsum
590 2893 634 2943 tibi
651 2910 708 2942 cura
725 2892 837 2946 fidelior,
853 2886 949 2951 inquit:

312 2963 380 3015 Pone
398 2977 508 3025 metum,
527 2966 635 3024 Bacchi,
656 2965 779 3020 Gnosias,
796 2976 857 3011 uxor
872 2959 931 3009 eris.

277 3036 367 3087 Munus
386 3038 448 3087 habe
465 3040 552 3089 coelum
567 3055 576 3089 a
592 3040 656 3088 coelo
672 3034 796 3101 speuabite
812 3032 896 3089 sidus,

314 3109 384 3175 sape
400 3125 471 3179 reges
486 3112 581 3164 dubiam
598 3107 678 3162 Cressa
688 3107 791 3176 Corona
806 3117 894 3157 ratem.
