2392 3892
218 494 222 502 .
267 448 338 521 ¹52
390 427 602 499 Ονιυιι
629 429 876 500 Ausonum

264 548 322 597 Non
336 546 381 596 suit
397 546 506 597 interris
522 564 613 598 vocum
628 547 766 598 simulacior
782 549 855 599 ales:

299 620 428 671 Reddebas
444 620 516 669 bleso
532 632 580 669 tam
596 622 659 670 bene
677 621 751 670 verba
769 620 840 670 sono.

220 706 252 756 25
264 692 357 758 Raptus
372 709 398 742 es
414 692 501 741 invidia
517 708 525 742 t
542 709 592 743 non
606 706 635 748 tu
652 693 702 744 sera
718 693 781 741 bella
798 692 936 745 movebare

301 763 440 824 Garrulus,
461 766 488 817 &
502 766 602 830 placide
619 767 685 833 pacis
698 778 790 816 amator
807 782 873 817 eras.

263 837 351 897 Ecce,
365 838 503 888 coturnices
519 839 584 888 inter
600 840 640 889 sua
654 841 739 905 proel'ua
751 838 856 889 vivunts

299 912 410 962 Forsitan
427 911 454 963 dc
468 910 528 961 fiunt
542 911 598 962 inde
613 912 755 978 frequenter
770 928 839 961 anus.

262 980 352 1035 Plenus
367 1000 420 1034 eras
436 984 533 1035 minimo
549 1002 557 1035 r
573 1000 621 1035 nec
636 1001 686 1049 prae
704 983 819 1035 sermonis
834 989 919 1034 amore

219 1069 254 1123 30
300 1058 329 1107 ln
345 1058 433 1106 multos
446 1070 544 1121 poteras
559 1072 603 1105 ora
617 1072 706 1105 vacare
720 1056 797 1106 cibos.

263 1130 321 1180 Nux
336 1141 388 1179 erat
404 1127 457 1177 esca
468 1128 536 1184 aibi3
556 1127 678 1191 causaque
693 1144 812 1192 papavera
829 1128 926 1181 somnis

299 1199 454 1264 Pellebatque
470 1199 534 1248 sitim
550 1198 664 1264 simplicis
682 1198 768 1249 humor
781 1217 861 1267 aquae.

261 1272 330 1327 'Vivit
348 1272 409 1321 edax
424 1273 525 1331 vultur,
545 1272 683 1337 ducensque
699 1287 744 1336 per
761 1273 815 1322 adra
832 1288 909 1341 gyros

296 1343 409 1403 Miluiis,
428 1344 454 1395 δι
468 1344 556 1410 pluviae
573 1346 685 1412 graculus
699 1342 783 1394 auslor
799 1362 881 1411 aqua.

217 1431 249 1484 35
260 1416 331 1474 Vivit
349 1419 376 1470 ἃ
393 1418 511 1469 armiserae
528 1418 613 1468 cornix
627 1416 857 1476 invisa·Minervae;

297 1491 341 1541 Illa
359 1491 455 1558 quidem
472 1490 540 1541 seclis
557 1490 599 1540 vix
614 1491 730 1539 moritura
746 1486 846 1540 novem.

261 1563 364 1615 Occidit
381 1564 420 1615 illa
436 1564 543 1630 loquax,
562 1564 671 1613 humanae
687 1561 755 1613 vocis
771 1563 871 1630 imago,

301 1636 439 1696 Psittacus,
459 1649 567 1686 extremo
584 1653 668 1686 munus
684 1633 714 1685 ab
731 1636 790 1686 orbe
808 1636 903 1687 datum.

261 1710 360 1775 Optima
378 1710 453 1776 prima
469 1708 520 1758 sere
535 1709 643 1759 manibus
658 1709 783 1775 rapiuntur
798 1710 898 1769 avarica

216 1797 251 1843 40
296 1783 429 1847 Implentur
446 1781 550 1831 numeris
569 1781 690 1831 deteriora
707 1781 763 1832 suis.

259 1854 345 1904 Tristia
363 1854 508 1921 Phyllacidae
524 1855 652 1904 Thersites
668 1854 754 1905 funera
766 1853 846 1906 vidit:

297 1925 397 1990 Jamque
413 1926 490 1983 cinis,
509 1927 570 1976 vivis
587 1926 719 1987 fratribus,
734 1927 828 1977 Hessos
843 1940 906 1979 erat.

261 1996 328 2061 Quid
345 1998 447 2047 reseram
463 1996 552 2049 timidae
568 2010 655 2063 prote
671 2000 781 2065 pia-vota
796 1999 906 2064 puellae?

296 2071 364 2125 Vota
375 2071 538 2137 ‚procelloso
554 2087 598 2137 per
614 2089 680 2123 mare
696 2088 763 2139 rapta
779 2073 859 2124 Noto.

215 2156 248 2205 45
261 2145 366 2211 Septima
383 2146 425 2195 lux
440 2144 543 2207 aderat,
557 2162 607 2194 non
623 2146 757 2197 exhibitura
771 2143 935 2213 sequentem}

235 2275 238 2280 p
297 2217 329 2268 Et
344 2217 417 2270 stabat
432 2217 508 2267 vacuit
523 2217 571 2286 jam
588 2218 632 2268 tibi
647 2218 721 2278 Parca
737 2220 813 2270 colo:

261 2293 317 2342 Nec
331 2305 411 2341 tamen
428 2293 515 2359 ignavo
534 2292 673 2357 stupuerunt
689 2293 764 2342 verba
778 2294 870 2358 palato.

298 2364 418 2413 Clamavit
432 2364 536 2413 moriens
553 2365 654 2431 lingua3
673 2364 797 2421 Corinna,
815 2365 881 2413 vale.

262 2436 334 2485 Colle
353 2436 394 2484 sub
408 2436 492 2503 Elysio
510 2437 575 2504 nigrai
591 2454 675 2487 nemus
689 2436 744 2485 ilice
759 2436 899 2497 frondens,
962 2465 964 2468 ·

219 2520 251 2567 50
297 2508 400 2573 Udaque
415 2520 535 2575 perpetuo
552 2511 657 2575 gramine
670 2522 734 2558 terra
749 2508 822 2559 viret.

262 2579 286 2631 Si
301 2597 347 2645 qua
361 2579 420 2630 fides
437 2581 532 2641 dubiis3
550 2584 675 2632 volucrum
688 2580 757 2630 locus
773 2582 815 2632 ille
831 2581 927 2648 piarunt

296 2654 412 2712 Dicitur,
430 2654 539 2712 obscenae
556 2651 780 2721 quo'prohibentur
794 2671 863 2705 aves.

261 2726 314 2776 lllic
329 2728 428 2777 innocui
444 2728 492 2778 lat'e
504 2728 634 2794 pascuntur
648 2728 731 2786 olores
743 2742 752 2777 t
796 2720 801 2725 ’

298 2800 329 2850 Et
345 2801 416 2850 vivax
432 2801 549 2868 phoenix,
569 2800 642 2850 unica
655 2800 747 2867 semper
761 2801 825 2854 avis,
839 2849 842 2855 ,

219 2882 249 2932 55
262 2870 374 2937 Explicat
388 2873 437 2939 ipsa
453 2875 503 2924 suas
522 2877 571 2924 ales
591 2872 694 2925 lunonia
710 2886 821 2941 pennast

298 2944 387 2995 Oscula
403 2946 442 2994 dat
456 2946 544 3011 cupido
560 2947 645 2995 blanda
659 2947 768 2997 columba
782 2941 850 2993 mari.

259 3014 378 3068 Psittacus
395 3017 437 3066 has
450 3016 531 3074 inter,
549 3018 665 3067 nemorali
678 3016 732 3065 sede
749 3028 887 3081 receptus,

296 3089 426 3142 Convertit
440 3090 553 3143 volucres
567 3090 592 3141 iu
607 3090 647 3140 sua
660 3088 734 3138 verba
749 3087 813 3156 pias,
