2392 3892
331 455 381 505 22
429 433 470 500 P.
496 434 681 501 Orrurr
709 432 933 505 Nisoms

332 553 372 602 Tu
382 570 479 619 quoque
490 555 611 603 clamabis.
622 553 695 602 Nulli
704 554 842 617 reparabilis
852 567 906 604 arte
982 561 985 566 '

366 625 431 675 [πίε
442 627 559 692 pudicitia
573 626 607 675 eli
620 642 628 675 ι
640 626 735 691 depeflt
745 626 785 674 illa
796 626 880 674 semel.

267 708 318 760 105
330 699 408 750 Ardet
416 716 499 749 amore
507 699 544 748 tui
555 715 564 756 ;
574 699 611 747 sie
623 698 650 749 ἀ
661 698 794 747 Menelaon
806 698 913 751 amavitc

366 773 438 821 Nune
450 771 516 836 jacet
531 773 557 821 in
569 772 644 821 viduo
659 771 771 821 credulus
783 770 825 819 ille
837 784 905 822 toro.

329 846 398 896 Felix
411 846 598 903 Andromache,
614 857 684 894 certo
698 846 761 893 bene
771 855 845 909 nupta
858 841 968 896 marito!

366 917 438 967 Uxor
453 919 483 967 ad
498 920 633 983 exemplum
651 917 731 967 fratris
746 916 854 965 habenda
868 916 913 967 fui.

329 990 370 1040 Tu
385 992 463 1040 les-ior
475 991 556 1047 soliis,
571 1004 630 1039 tunc
646 988 699 1039 crim
709 1024 721 1047 ,
733 991 784 1039 sine
799 989 907 1054 pondere
920 988 1002 1051 succi,

265 1078 317 1116 110
365 1064 498 1113 Mobilibus
512 1064 591 1111 ventis
605 1062 669 1111 arida
684 1061 763 1117 saih,
781 1063 875 1111 volant.

329 1134 445 1184 Etmiuus
455 1134 488 1183 est
497 1135 523 1183 in
532 1147 576 1192 te,
593 1138 663 1198 quim
678 1134 766 1183 summi
780 1133 874 1197 pondus
890 1134 976 1195 aristi,

366 1206 429 1270 Qua
439 1208 499 1256 levis
509 1206 608 1256 assiduis
619 1207 706 1256 solibus
716 1206 764 1255 usia
775 1206 849 1272 riget·-

329 1278 386 1328 Hoc
395 1292 454 1338 tua,
468 1296 519 1328 uum
528 1281 631 1338 recolo,
643 1279 762 1346 quondam
773 1295 887 1345 germana
898 1282 1009 1333 canebat.

364 1352 406 1401 Sic
420 1353 476 1402 mihi
488 1351 577 1402 diffusis
589 1354 718 1402 vaticinata
733 1352 808 1402 comis
818 1366 829 1403 t

265 1448 315 1500 115
328 1421 395 1487 Quid
402 1426 462 1475 facis
472 1458 480 1483 ,
491 1424 609 1474 Quone?
620 1426 676 1490 quid
686 1442 765 1474 arenae
775 1425 862 1474 semina
872 1421 992 1476 mandis?

363 1499 420 1547 Non
436 1498 579 1564 prosesluris
594 1498 665 1547 litora
680 1499 756 1547 bobus
770 1514 830 1547 aras.

327 1569 402 1631 Graia
410 1570 514 1634 juvenca
522 1572 598 1627 venit,
609 1587 662 1635 quae
669 1583 705 1628 te,
712 1570 870 1636 patriamque,
880 1570 1029 1637 domumque,

362 1641 450 1692 Perdat
461 1659 468 1692 ι
479 1644 504 1691 io
513 1644 613 1707 prohibe
624 1660 633 1701 3
646 1642 720 1709 Graja
732 1643 834 1711 juvenca
843 1645 920 1693 venit.

324 1714 391 1763 Dum
400 1715 474 1773 licet,
492 1715 619 1764 obscenam
630 1728 725 1781 ponto,
739 1714 792 1772 Di,
809 1716 911 1782 mergite
921 1715 1022 1781 puppim·

263 1800 314 1837 120
363 1787 422 1837 Heu
440 1788 446 1837 !
464 1800 577 1854 quantum
592 1787 689 1855 Phrygii
703 1789 820 1856 sanguinis
836 1788 877 1836 illa
893 1788 982 1838 vehit!

325 1858 429 1909 Dixerat
444 1876 452 1910 r
465 1862 490 1909 in
504 1861 573 1910 cursu
587 1861 682 1909 samulae
698 1878 800 1927 rapuere
809 1861 951 1920 furentem

361 1932 396 1981 At
409 1932 466 1981 mihi
480 1933 598 1983 flaventes
614 1933 732 2000 diriguere
748 1950 832 1983 comae.

325 2002 365 2052 Ah
382 2004 388 2053 !
401 2005 498 2055 nimium
508 2018 577 2055 vates
586 2005 678 2057 miserae
687 2006 745 2055 mihi
755 2024 813 2056 vera
823 2004 896 2058 suisti.

362 2075 474 2129 Possidet
489 2095 520 2127 eu
535 2078 608 2127 saltus
621 2079 663 2127 illa
677 2078 781 2144 juvenca
794 2095 871 2129 meos.

261 2167 311 2218 ¹25
325 2148 361 2199 Sit
370 2149 432 2200 facie
444 2150 549 2218 quamvis
559 2151 678 2219 insignis,
693 2152 801 2202 adultera
812 2149 878 2201 certe
888 2149 942 2203 ests

360 2224 475 2275 Deseruit
488 2224 583 2283 socios,
595 2225 689 2290 hospite
705 2238 790 2292 capta,
806 2226 886 2275 Deos.

323 2294 390 2343 illam
406 2298 435 2344 de
450 2297 527 2362 patrii
542 2298 670 2357 Theseus,
685 2299 729 2347 nisi
746 2298 843 2368 uomine
858 2297 948 2356 fallor,

359 2367 449 2417 Nescio
464 2370 517 2433 quis
530 2368 657 2428 Tbeseus,
673 2369 766 2418 abstulit
779 2380 836 2418 ante
852 2369 902 2418 sui.

321 2438 345 2485 A
360 2437 448 2503 juvene
464 2440 593 2505 &cupido
608 2442 721 2492 credatur
733 2441 826 2491 reddita
840 2441 920 2507 virgo.

258 2515 309 2570 130
358 2512 430 2561 Unde
439 2514 486 2562 hoc
496 2514 655 2578 compererim
664 2527 712 2564 tam
721 2516 798 2572 bene,
810 2514 897 2580 quaeris
907 2513 917 2563 2
926 2529 991 2569 ame.

321 2584 380 2638 Vim
395 2585 454 2635 licet
468 2587 593 2651 appelles,
608 2588 634 2638 ὃ(
648 2590 740 2654 eulpam
752 2587 849 2636 nomine
860 2588 928 2638 veles
936 2605 947 2647 5

357 2657 420 2721 Quae
435 2660 508 2708 toties
522 2672 591 2724 rapta
606 2659 656 2719 est,
671 2660 773 2728 praebuit
786 2660 835 2725 ipsa
850 2661 912 2727 rapi.

321 2728 355 2779 At
369 2744 449 2780 manet
462 2731 557 2781 (lnone
571 2733 664 2784 fallenti
678 2733 738 2784 casta
751 2734 855 2784 marito:

357 2802 389 2853 Et
403 2818 499 2869 poteras
517 2805 567 2854 salli
582 2806 676 2872 legibus
690 2806 739 2873 ipse
753 2808 810 2859 mis.

260 2870 308 2926 ¹35
321 2874 365 2923 Me
381 2875 459 2941 Satyri
471 2880 565 2927 celeres
580 2876 666 2941 (silvis
681 2896 727 2947 ego
742 2880 806 2929 testa
820 2878 945 2947 latebam)

348 2946 500 3009 Quaesierant
511 2950 612 3015 rapido,
623 2952 693 2999 turba
702 2945 816 3015 proterva
826 2983 833 3007 ,
844 2952 907 3015 pede
919 2967 928 3002 ι

322 3015 531 3087 Cornigerumque
546 3034 619 3086 caput
630 3023 686 3086 pinu
697 3022 837 3086 praecinslus
847 3023 919 3071 acuti

356 3089 466 3153 Faunus,
480 3094 506 3144 iu
518 3093 639 3145 immensis
653 3096 699 3160 qui
711 3106 791 3145 tumet
803 3094 846 3146 lda
858 3092 933 3165 jugis.
