2392 3892
367 690 612 781 OVIDII
649 689 963 776 NASONIS

291 874 1010 1054 fluetuuttcuu

415 1096 903 1215 ,FRAGMENTVM

535 1260 791 1286 000000

310 1344 492 1465 Αοοενιτ
502 1408 602 1459 mundus
610 1406 771 1475 legemtdedit
779 1422 843 1455 arma
851 1423 896 1471 per
906 1424 987 1460 omnes
994 1406 1013 1471 ,³

311 1482 492 1549 Admonuitque
503 1482 545 1533 sui.
556 1485 566 1505 ⁴
575 1481 674 1536 Vitulus
684 1481 720 1531 sic
730 1495 831 1545 namque
841 1481 963 1542 minatur,

309 1556 361 1620 Qui
370 1557 475 1606 nondum
487 1556 549 1623 gerit
560 1555 585 1604 in
596 1567 679 1604 tenera
689 1552 737 1619 jam
749 1569 840 1602 cornua
850 1552 933 1603 fronte
945 1571 954 1605 τ

309 1629 350 1677 Sic
367 1629 442 1679 damae
457 1629 551 1695 fugiunt
563 1644 570 1679 ε
581 1640 688 1695 pugnent
704 1626 793 1676 virtute
812 1627 918 1684 leones,

286 1718 299 1767 5
312 1700 343 1749 Et
357 1701 436 1752 morsu
452 1701 535 1760 canis,
555 1701 581 1752 δι
596 1699 679 1749 caude
695 1699 729 1749 sic
745 1698 851 1763 scorpios
869 1699 937 1750 iiiut

311 1774 491 1841 Concussisque
505 1774 566 1825 levis
582 1773 718 1839 pehnis.sic
733 1771 814 1821 evolat
830 1772 892 1841 ales.

311 1846 429 1899 Omnibus
444 1849 533 1913 ignotae
543 1848 627 1895 mortis
637 1846 710 1894 timor
721 1860 728 1894 ε
739 1844 849 1893 omnibus
860 1844 951 1893 hostem
960 1878 972 1901 ,

309 1917 496 1983 Praesidiumque
513 1918 594 1971 datum
611 1916 719 1974 sentite,
740 1916 767 1966 &
783 1914 887 1966 noscere
902 1919 946 1966 teli

308 1992 415 2057 Vimque
426 1991 569 2057 modumque
581 1989 624 2039 sui.
637 1988 677 2038 Sic
688 1988 811 2039 &Scarus
822 2001 876 2038 arte
886 1990 927 2039 sub
938 1988 1004 2040 undis

311 2064 354 2114 Sin
391 2082 402 2105 e
428 2081 439 2104 ι
464 2083 475 2104 e
501 2083 512 2104 ι
538 2084 549 2105 ι
573 2081 585 2103 e
611 2080 622 2103 ι
647 2076 842 2101 ιιιιιι

270 2153 302 2190 10
314 2138 432 2199 Decidit,
446 2140 615 2207 assumamque
629 2140 687 2190 dolo
703 2137 799 2188 tandem
813 2149 888 2204 pavet
903 2141 992 2196 escam.

311 2212 334 2260 N
337 2228 368 2261 ou
382 2214 457 2264 audet
471 2214 541 2266 radiis
557 2213 645 2263 obnixi
661 2208 789 2262 occurrere
805 2210 908 2263 fronte:

311 2284 416 2337 Aversus
434 2289 520 2337 crebro
537 2287 619 2337 vimen
634 2286 675 2335 sed
690 2286 791 2335 verbere
808 2285 891 2333 eaudae

311 2356 403 2408 Laxans
419 2359 585 2426 subsequitur,
598 2371 725 2425 tutumque
740 2356 820 2407 evadit
834 2357 858 2406 in
874 2374 969 2423 aequot.

269 2449 271 2451 ’
311 2427 378 2490 Quin
395 2433 466 2482 etiam
483 2434 503 2482 si
518 2434 582 2482 forte
597 2434 700 2497 aliquis,
718 2432 773 2480 dum
786 2446 851 2495 pone
866 2446 981 2494 nataret,

324 2518 866 2554 *nummum*

269 2591 299 2642 15
314 2575 383 2627 Mitis
400 2573 527 2623 luftantem
545 2576 632 2626 Scarus
647 2576 711 2625 hunc
728 2576 752 2625 in
768 2578 856 2628 vimine
874 2577 954 2637 vidit,

311 2646 399 2699 Avetsi
417 2647 515 2697 caudam
531 2650 610 2699 morsu
626 2661 695 2699 tenet
712 2666 719 2698 z
735 2662 807 2716 atque
824 2652 858 2700 ita
875 2654 885 2674 “

311 2725 322 2746 ³
340 2722 408 2772 Uber
425 2721 538 2782 servato,
558 2740 629 2790 quem
644 2723 724 2781 texit,
743 2723 768 2772 in
784 2726 794 2745 ³
810 2725 921 2774 resultet.

311 2796 382 2860 Sepia
397 2794 464 2844 tarda
481 2796 543 2861 fugae
555 2811 562 2845 τ
574 2795 642 2846 tenui
657 2794 710 2845 etim
727 2794 790 2845 forte
807 2796 849 2846 sub
864 2797 928 2846 unda

309 2867 434 2932 Deprensa
446 2866 496 2927 est‚
513 2868 559 2932 jam
569 2867 665 2935 jamque
675 2885 757 2918 manus
767 2869 836 2920 timet
845 2871 884 2919 ilia
897 2881 1013 2936 rapaces:

266 2954 300 2988 20
312 2939 422 2989 inficiens
439 2957 521 3005 aequor
536 2942 629 3009 nigrum
645 2942 721 2991 vomit
737 2957 780 2991 ore
798 2958 929 2999 cruorem,

309 3012 454 3078 Avertitque
471 3014 540 3070 vias,
560 3016 645 3064 oculos
662 3014 768 3065 frustrata
784 3013 920 3079 sequentes.

307 3082 407 3136 Clausus
425 3097 477 3137 tete
494 3086 594 3154 Lupus,
613 3087 717 3155 quemvis
733 3085 840 3138 immanis
859 3086 885 3140 &
901 3104 961 3141 acer
967 3119 979 3153 t
