2392 3892
281 425 560 541 Hrnornas.
587 472 667 538 ΕΡ.
693 469 774 540 XL·
842 489 896 567 47
928 521 939 546 a

186 588 248 641 llaec
258 590 293 658 eil
302 588 413 640 AEolidos
424 589 492 638 fratri
501 590 625 639 scribentis
635 589 734 655 imago:
910 605 924 658 5

224 665 264 712 Sic
276 664 361 713 videor
371 664 431 712 duro
441 662 506 728 posse
518 665 616 729 placere
627 664 700 727 patri.

186 735 241 802 lpse
253 736 319 786 necis
330 753 444 803 cuperem
453 736 538 787 nostrae
549 737 668 802 speeiator
678 734 784 794 adesset,

224 808 381 875 Austorisque
399 809 476 858 oculis
488 811 629 876 exigeretur
639 825 710 874 opus.

187 879 225 931 Ut
236 882 302 952 serus
314 882 365 938 est,
382 884 508 945 multoque
520 883 564 932 suis
575 882 738 931 truculentior
750 878 839 939 Euris,

225 954 357 1019 Speslasset
368 955 439 1003 siccis
448 955 548 1003 vulnera
558 955 636 1003 nostra
645 954 724 1021 genis.
913 968 949 1011 ιο

187 1028 292 1078 Scilicet
303 1028 337 1075 ost
347 1026 436 1091 aliquid
447 1042 500 1093 cum
511 1027 577 1077 saevis
588 1028 672 1077 vivete
683 1026 763 1077 ventis
774 1041 784 1077 t

226 1099 331 1165 Ingenio
342 1098 424 1164 populi
435 1102 548 1151 convenit
560 1102 601 1150 ille
611 1102 654 1151 sui.

186 1174 235 1226 lne
248 1174 317 1221 Noto
328 1171 504 1239 Zephyroque,
517 1176 543 1225 &
553 1175 664 1224 Sithonio
672 1170 790 1241 Aquiloni

227 1246 351 1310 imperat,
369 1246 395 1296 δι
405 1246 505 1311 pennis,
516 1248 579 1298 Eure
589 1262 704 1314 proterve
715 1281 723 1306 ,
735 1249 793 1297 tuis.

187 1318 297 1387 Imperat
307 1318 354 1368 heu
366 1353 374 1378 ,
384 1319 464 1368 ventis
477 1336 485 1377 3
496 1321 592 1370 tumidae
603 1338 652 1370 non
661 1322 762 1385 imperat
770 1321 830 1370 irae:
917 1329 951 1389 15

226 1391 341 1442 Possidet
353 1392 452 1443 &vitiis
462 1407 536 1459 regna
547 1393 639 1442 minora
648 1392 704 1443 suis.

190 1462 259 1529 Quid
267 1462 356 1530 juvat,
375 1466 496 1514 admotam
506 1482 550 1530 per
559 1483 659 1515 avorum
669 1465 766 1515 nomina
776 1465 840 1518 coelo
850 1496 860 1523 ,

228 1540 296 1588 lnter
306 1551 425 1605 cognatos
433 1537 498 1603 posse
508 1540 602 1589 referre
613 1539 627 1591 J
630 1536 721 1589 ovem?

190 1614 258 1664 Num
268 1611 345 1662 minus
356 1611 483 1670 infestum,
501 1612 609 1661 funebria
619 1629 718 1661 manera
729 1645 736 1670 ,
751 1612 843 1661 serrum

228 1686 247 1736 F
250 1684 343 1734 emines
354 1697 427 1735 teneo
438 1719 446 1745 ,
466 1702 516 1735 non
526 1703 578 1734 mea
588 1687 654 1745 tela,
667 1702 740 1743 manu
751 1684 758 1735 l
831 1741 836 1747 ⁴
919 1699 955 1737 ιο

192 1759 218 1811 O
231 1758 323 1807 utinam
334 1791 341 1817 ‚
358 1758 475 1809 Macareu
485 1793 493 1818 ,
512 1777 564 1825 quae
574 1777 619 1810 nos
631 1759 750 1809 commisit
760 1759 785 1807 in
796 1773 869 1808 unum
879 1788 888 1816 ,

229 1828 342 1884 Venisset
350 1833 401 1881 leto
413 1832 487 1883 serior
497 1834 557 1882 hora
568 1849 623 1882 meo
636 1832 642 1881 !

195 1904 249 1955 Cur
258 1921 369 1970 umquam
378 1906 432 1970 plus
441 1924 495 1963 me,
512 1907 604 1964 frater,
622 1909 691 1973 quam
703 1905 777 1955 frater
787 1902 866 1954 amasti
877 1900 889 1953 ἓ

230 1977 263 2025 Et
272 1977 317 2027 tibi
327 2010 334 2035 ,
344 1994 394 2026 non
403 1978 476 2030 debet
487 1980 552 2044 quod
562 1980 630 2029 soror
639 1979 696 2037 esse,
704 1977 761 2028 sui?

196 2049 251 2121 lpsq
268 2066 365 2117 quoque
381 2050 487 2103 incalui:
501 2053 644 2118 qualemque
654 2053 736 2101 audire
746 2053 870 2111 solebam,
918 2068 953 2120 25

233 2124 323 2174 Nescio
333 2140 404 2190 quem
414 2125 476 2175 sensi
485 2126 558 2175 corde
569 2137 670 2190 tepente
681 2125 773 2173 Deum.

198 2196 302 2265 Fugerat
312 2214 356 2247 ore
367 2198 436 2247 color
447 2214 454 2246 ε
466 2198 554 2247 macies
567 2198 700 2246 adduxerat
715 2207 779 2245 artus
791 2208 801 2245 c

235 2271 366 2320 Sumebant
375 2270 485 2319 minimos
497 2286 540 2318 ora
549 2268 633 2317 ceasia
644 2268 720 2316 cibos.

200 2344 253 2393 Nec
265 2344 340 2393 somni
351 2343 452 2401 faciles,
472 2342 556 2392 &nox
566 2353 618 2391 erat
628 2357 706 2390 annua
715 2336 801 2399 nobis,

236 2417 268 2466 Et
278 2418 394 2485 gemitum
404 2418 472 2466 nullo
484 2416 537 2465 laesa
548 2416 633 2465 dolore
645 2414 738 2463 dabam.
924 2437 963 2495 30

201 2489 255 2539 Nec
267 2491 370 2540 curhaec
379 2490 499 2549 facerem,
510 2501 621 2555 poteram
629 2488 686 2537 mihi
695 2487 799 2537 reddere
808 2486 910 2539 causam:

237 2563 293 2612 Nec
302 2553 402 2621 ndram,
418 2564 474 2629 quid
483 2580 563 2612 amans
573 2562 631 2613 esset
641 2579 647 2613 ε
660 2575 684 2612 at
692 2560 750 2611 illud
757 2558 840 2613 eram.'

202 2632 281 2685 Prima
294 2637 380 2684 malum
389 2637 469 2686 nutrix
479 2638 558 2686 animo
566 2635 690 2701 praesensit
701 2635 758 2685 anili
768 2649 777 2686 ι

143 2715 156 2768 ,’
239 2708 318 2757 Prima
329 2709 493 2769 mihi‘nutrix5
511 2707 594 2768 AEoli,
609 2710 685 2768 dixit,
703 2726 779 2760 amas.
813 2739 820 2756 .

143 2771 147 2784 ¹
204 2780 313 2839 Erubui,
328 2781 466 2848 gremioque
477 2785 555 2848 pudor
566 2783 656 2849 dejecit
664 2786 769 2833 ocellos.
925 2802 961 2864 35

168 2849 171 2856 '
241 2854 301 2903 Haec
313 2852 368 2902 satis
378 2853 402 2903 in
411 2856 483 2905 tacita
494 2857 563 2921 signa
572 2856 670 2905 fatentis
681 2869 759 2907 etant.

207 2924 305 2992 lamque
312 2926 477 2978 tumescebant
485 2928 564 2978 vitiati
572 2928 679 2993 pondera
687 2928 777 2980 ventris
787 2960 797 2987 ,

157 3041 161 3048 .
243 2998 365 3065 AEgraque
373 2999 488 3050 furtivum
497 3002 602 3049 membra
613 3002 727 3066 gravabat
737 3018 808 3051 onus.

210 3070 276 3141 Quas
288 3074 343 3121 mihi
358 3089 408 3122 non
418 3074 504 3122 herbas
514 3107 521 3132 ‚
533 3090 585 3139 quae
596 3090 646 3121 non
655 3073 813 3124 medicamina
820 3071 901 3125 nutrix

244 3145 451 3207 Attulit,audrci
460 3146 629 3213 supposuitque
639 3161 710 3197 manu
721 3143 754 3219 ξ’,
838 3176 857 3200 ν.
928 3162 966 3214 4ο
