2392 3892
255 459 319 514 m:
331 444 657 538 AnrnAnnnm
684 445 723 512 L.
742 446 810 513 HI.
839 465 914 541 253

203 561 236 614 Se
252 580 352 631 quoque
368 565 409 615 det
425 566 518 631 populo
532 564 618 613 mulier
637 564 740 630 speciosa
755 566 903 619 videndam:

240 635 325 699 Quem
340 638 441 695 trahat,
460 655 473 687 e
488 638 568 686 inultis
585 637 686 687 forsitan
703 655 764 688 unus
781 642 838 690 erit.

205 707 326 767 Omnibus
341 711 382 760 illa
396 711 456 761 locis
471 722 566 770 maneat
583 708 684 760 studiosa
702 712 834 777 placendit

240 781 272 833 Et
290 800 374 833 curam
386 784 439 834 totb
452 797 533 834 mente
547 783 646 833 decoris
660 797 728 852 agat..

206 851 279 906 Casus
293 857 385 922 ubique
401 859 466 907 valet
482 872 489 906 ε
507 857 603 922 semper
614 857 659 906 tibi
672 858 778 923 pendeat
794 858 899 912 bannus:
923 876 975 924 425

240 925 302 991 Quo'
318 929 414 979 minime
431 929 515 981 eredas
530 929 626 996 gungite
638 964 649 987 ,⁴
664 930 734 996 piscis
750 932 807 982 erit.

207 997 274 1066 Seps
291 1016 367 1052 cenes
379 1001 463 1052 irustta
479 1002 614 1052 nemorosis
629 1004 750 1054 montibus
767 1018 870 1058 errant:

240 1074 318 1139 inque
334 1076 430 1141 plagam
446 1076 512 1125 nullo
532 1090 618 1125 cervus
636 1089 723 1143 agente
740 1077 814 1127 cadit.
904 1100 909 1109 ·

209 1141 272 1209 Quid
289 1146 368 1196 minus
384 1146 545 1198 Andromedae
561 1148 641 1199 fuerat
657 1149 752 1217 sperate
768 1151 898 1213 tevintbae,

241 1217 322 1282 Qudm
337 1221 454 1287 lacrymas
471 1221 513 1270 uili
527 1221 592 1285 posse
607 1224 705 1286 placere
720 1224 771 1273 suas
783 1222 810 1273 ἓ·
922 1236 978 1290 430

208 1289 300 1342 tunm
317 1291 380 1358 saepe
397 1294 443 1343 viti
460 1294 497 1343 vir
513 1294 627 1359 quatitur
641 1310 650 1341 .·
665 1294 705 1343 isse
723 1295 806 1346 solutis
941 1301 944 1306 ’

242 1363 375 1423 Crinibus,
395 1365 421 1415 δι
437 1365 508 1415 fletus
523 1381 574 1413 non
589 1366 710 1424 tenuiiie,
728 1366 809 1417 decet.

207 1436 252 1487 sed
267 1438 345 1487 nitate
360 1438 427 1487 viros
442 1440 532 1488 cultum
549 1438 700 1505 formamque
712 1437 852 1502 profefl‘os;

242 1509 342 1577 Quiqiie
359 1510 412 1560 suas
426 1523 520 1577 ponunt
536 1511 562 1559 in
578 1510 679 1570 statione
696 1526 787 1561 comas.

208 1582 269 1647 Quae
286 1582 356 1632 vobis
372 1584 474 1640 dicunt,
494 1584 606 1633 dixerunt
622 1585 689 1634 mille
703 1584 800 1650 puellis.
922 1596 975 1649 435

242 1656 332 1714 Errat,
352 1656 378 1705 &
394 1657 418 1706 in
433 1658 498 1707 nulla
515 1656 570 1706 sede
587 1670 694 1707 moratur
709 1674 787 1707 amor.

208 1727 304 1779 semina
322 1728 378 1795 quid
394 1727 489 1779 faciat?
508 1727 561 1779 etim
576 1731 607 1779 sit
622 1731 659 1779 vir
673 1731 757 1780 laetiot
773 1730 845 1796 ipsd;

242 1800 353 1851 Forsitan
373 1802 398 1851 &
415 1804 495 1868 plures
512 1802 587 1869 possit
604 1804 693 1853 habete
711 1805 789 1853 vitos.

207 1874 255 1928 Vix
267 1874 329 1923 mihi
344 1876 448 1925 credetis
461 1894 474 1935 3
490 1875 529 1926 sed
547 1877 648 1927 credite.
665 1876 742 1944 Troia
758 1888 889 1938 maneret,

242 1946 372 2012 Praeceptis
389 1947 475 1999 Priami
492 1952 512 1998 si
529 1950 595 2001 foret
612 1951 653 2001 usa
670 1951 713 2002 sui.
923 1965 977 2013 440

207 2019 267 2070 Sunt
282 2020 322 2086 qui
339 2022 448 2070 mendaci
463 2022 542 2087 specie
560 2023 691 2088 graffentur
706 2026 814 2081 amotis,

244 2092 339 2159 Perque
354 2094 432 2143 aditus
448 2096 508 2143 tales
527 2095 593 2141 lucra
610 2095 722 2157 pudenda
738 2107 833 2158 petant.

206 2163 260 2217 Nec
279 2182 348 2216 coma
363 2181 408 2215 vos
423 2166 490 2214 fallat
506 2165 594 2231 liquidi
611 2165 751 2214 nitidissima
769 2166 866 2216 nardot

242 2240 295 2287 Nec
311 2238 392 2289 brevis
407 2239 434 2286 in
448 2254 518 2304 rugas
535 2237 630 2304 cingula
645 2236 720 2302 pressa
737 2238 799 2288 suas.

206 2311 261 2361 Nec
279 2325 337 2378 toga
352 2311 455 2376 decipiat
469 2310 511 2360 iiio
529 2310 669 2359 tenuissima
684 2327 691 2361 ε
707 2326 753 2359 nec
771 2310 795 2359 si·
924 2323 977 2372 445

243 2384 354 2432 Annulus
369 2384 393 2433 in
410 2384 490 2451 digitis
506 2385 567 2433 alter
584 2384 611 2433 ὃ(
625 2384 688 2433 aiter
704 2384 761 2433 erit.

205 2456 361 2510 Forsitan-ex
376 2458 461 2506 hotum
478 2473 577 2507 numero
596 2457 739 2508 cultissimus
756 2457 798 2506 ille

242 2529 290 2579 Fur
306 2529 356 2587 sit,
375 2530 401 2580 δι
418 2544 501 2580 uratur
517 2530 586 2581 vestis
605 2548 687 2581 amore
703 2544 760 2581 tute.

205 2600 291 2651 Redde
308 2618 407 2658 meum,
424 2604 526 2651 clamant
542 2604 649 2666 spoliatae
667 2603 728 2667 saepe
744 2603 859 2671 puella}

242 2673 329 2722 Redde
345 2688 442 2727 meum,
460 2686 515 2721 toto
530 2690 593 2722 voce
608 2675 697 2722 boante
714 2674 778 2722 foro.
852 2696 855 2699 ⁴
924 2685 980 2736 450

205 2748 277 2803 Has,
294 2745 399 2800 Venus,
416 2760 430 2791 e
447 2744 542 2808 templis
553 2778 565 2802 s
579 2746 656 2794 multo
672 2743 819 2793 radiantibus
835 2757 916 2802 auro,

242 2820 320 2869 Lenta
335 2814 403 2864 vides
419 2815 492 2873 lites,
509 2816 686 2880 Appiadesque·
698 2828 755 2866 tute.

206 2893 375 2957 Suntquoque
386 2905 435 2938 non
447 2887 518 2937 dubit
529 2888 637 2954 quaedam
648 2889 707 2937 mala
719 2887 816 2939 nomina
825 2887 906 2942 fani—z

243 2965 390 3029 Deceptaea
406 2962 486 3011 multis
503 2961 592 3011 crimen
608 2964 708 3012 amantis
721 2963 821 3012 habent.

209 3036 301 3090 Distite
316 3039 345 3086 ab
362 3037 459 3087 alterius
475 3035 558 3093 vestris
573 3034 674 3085 timuiise
691 3034 795 3104 querelis
807 3052 822 3089 ἑ.
924 3049 979 3100 455

245 3106 320 3182 Ianuq
333 3110 416 3163 fallaci
432 3128 463 3162 ne
478 3110 514 3163 sit
526 3120 609 3177 apetta
625 3109 693 3165 nito·
