2392 3892
290 446 579 533 Hunorum.
605 444 685 512 ΕΡ.
712 444 834 514 XVII.
886 446 937 539 87

213 562 341 629 Tempora
356 581 387 614 ne
403 577 505 630 pereant
520 565 585 615 ultro
601 563 656 612 data
671 565 801 630 praecipis,
819 578 895 632 utque
945 577 992 628 175

253 636 373 702 Simplicis
389 650 483 688 uramur
497 637 673 688 commoditate
685 636 740 686 viri.

211 709 245 761 Et
259 710 339 768 libet,
355 710 381 761 &
398 710 473 761 timeo
488 728 495 761 :
513 728 559 762 nec
574 709 653 759 adhuc
669 710 752 776 erasla
766 712 878 763 voluntas

253 782 294 830 Est
311 783 387 841 satis;
406 784 430 832 in
446 783 521 833 dubio
535 782 633 849 pestora
650 782 729 833 nostra
744 785 835 836 labant.

212 854 248 906 Et
267 856 305 922 vir
320 856 384 905 abest
403 856 493 914 nobis,
515 857 541 907 δι
553 869 581 905 tu
597 856 650 906 sine
665 856 769 924 conjuge
787 858 897 909 dormis:

252 930 332 993 Inque
349 927 431 976 vicem
445 940 487 977 tua
503 945 562 988 me,
581 941 608 979 te
625 944 678 978 mee
695 930 794 988 sonna,
811 932 895 997 capit:
942 928 994 981 180

212 1000 248 1051 Et
267 1002 350 1065 longe
367 999 470 1060 nostes,
487 1001 514 1052 &
528 1000 578 1067 jem
595 1001 703 1053 sermone
718 1003 833 1054 coimus:

253 1073 289 1122 Et
306 1084 352 1130 ru,
369 1090 408 1124 me
423 1073 530 1126 miseram
548 1075 556 1124 l
575 1075 676 1127 blandus
695 1092 704 1128 r
721 1076 746 1127 δι
764 1094 811 1126 una
827 1077 923 1126 domus.

213 1146 251 1197 Et
269 1161 382 1211 peream,
400 1146 483 1199 sinon
498 1148 601 1200 invitam
618 1150 699 1199 omnia
712 1151 826 1215 eulpam

254 1217 344 1284 Nescio
358 1237 407 1285 quo
422 1222 506 1272 tardor
522 1222 563 1272 sed
577 1233 660 1270 tamen
676 1222 727 1286 ipsa
743 1235 820 1272 metu.
862 1278 865 1283 ⁴

217 1290 295 1356 Quod
304 1293 366 1341 male
377 1294 525 1358 persuades,
535 1294 629 1341 utinam
638 1294 702 1341 bene
713 1309 802 1359 eogere
812 1294 891 1360 possis
902 1293 911 1346 l
943 1290 992 1356 185

250 1365 287 1417 vi
303 1380 357 1411 mea
375 1363 495 1413 rusticitas
512 1362 658 1412 excutienda
673 1362 728 1412 suit.

252 1510 295 1559 Sic
314 1508 382 1559 certe
398 1510 458 1559 felix
476 1508 523 1560 esse
542 1508 626 1558 cortu
642 1508 726 1559 velim.

214 1582 285 1633 Dum
295 1598 374 1634 novus
386 1582 439 1641 est,
455 1584 538 1647 potius
551 1593 634 1647 coepro
647 1597 781 1649 pugnemus
791 1579 888 1636 amosis

253 1655 361 1705 Flamma
376 1671 464 1705 recens
479 1654 553 1721 parvb
568 1654 646 1721 sparsa
660 1655 751 1705 resedit
765 1654 836 1721 περὶ.
948 1668 1000 1720 190

214 1726 309 1780 Certus
324 1728 350 1778 in
365 1728 499 1794 hospitibus
514 1746 565 1779 nou
581 1727 616 1779 est
631 1744 699 1779 amor
708 1746 717 1787 3
734 1743 817 1789 errat,
834 1741 863 1779 us
877 1726 941 1795 ipsi:

255 1800 367 1867 Culmque
386 1802 445 1852 nihil
462 1802 545 1870 speres
562 1801 654 1852 firmius
671 1800 736 1861 else,
759 1802 815 1853 suit.

214 1872 356 1941 Hypsipyle
373 1874 458 1933 tellis,
478 1874 544 1926 testis
559 1874 658 1926 Minoia
676 1876 746 1944 virgo
765 1875 819 1927 est:

253 1948 284 1997 ln
302 1963 351 1996 non
368 1948 481 2000 exhibitis
497 1963 599 2015 utraque
620 1948 669 1999 lusa
687 1950 758 1999 toris.

215 2017 257 2069 Tu
267 2035 387 2086 quoque,
401 2021 512 2071 dileslam
520 2024 627 2079 multos,
644 2021 718 2072 infide
730 2057 739 2081 ,
753 2040 798 2088 per
808 2038 908 2083 tonos,
946 2033 995 2085 195

255 2092 354 2142 Diceris
371 2092 484 2144 OEnonen
502 2094 630 2154 destituisse
647 2105 723 2143 tuam.

217 2165 272 2215 Nec
289 2176 373 2216 tamen
388 2165 438 2229 ipse
453 2182 552 2232 neges3
572 2166 598 2216 δι
613 2166 683 2214 nobis
700 2166 781 2215 omnis
797 2165 827 2214 de
847 2175 875 2214 te

255 2237 378 2301 Quaerere
389 2269 406 2299 ,Ι
415 2237 442 2286 si·
451 2237 551 2296 nescis,
565 2237 666 2285 maxima
681 2253 739 2286 cura
754 2237 811 2287 suit.

217 2309 289 2361 Adde
307 2309 395 2377 quod,
412 2322 440 2360 ut
461 2310 545 2377 cupias
562 2308 673 2359 constans
688 2309 713 2360 in
729 2326 812 2359 amore
828 2324 945 2368 manere,

255 2384 317 2433 Non
328 2394 401 2450 potes
412 2384 564 2450 :expediunt
574 2381 624 2449 jam
634 2394 677 2433 tua
687 2386 743 2434 vela
754 2382 872 2451 Phryges.
946 2395 1000 2435 200

216 2457 285 2508 Dum
301 2457 408 2524 loqueris
426 2475 540 2517 mecum,
557 2458 612 2509 dum
630 2474 681 2508 uox
698 2457 792 2524 sperata
808 2469 927 2525 paratur,

256 2528 308 2593 Qui
327 2531 389 2581 ferat
408 2531 570 2598 inpertiam,
591 2530 639 2597 jam
658 2531 703 2583 tibi
720 2544 809 2583 ventus
825 2530 882 2581 erit.

218 2600 340 2654 Cursibus
357 2604 381 2652 in
398 2606 484 2655 mediis
500 2605 615 2656 novitatis
629 2606 701 2670 plena
715 2606 843 2669 relinques

257 2675 356 2727 Gaudia
373 2692 381 2725 ι
397 2693 451 2726 cum
466 2679 548 2728 ventis
565 2678 646 2728 noller
660 2678 735 2728 abibit
751 2693 829 2727 amor.
971 2724 975 2732 ,

218 2748 260 2799 Ao
271 2749 379 2815 sequar,
394 2760 421 2797 ut
432 2747 536 2799 strodes?
551 2750 694 2815 laudatoque
706 2745 905 2815 Pergamenum
916 2743 928 2798 i
948 2762 982 2799 20
985 2762 999 2813 5

260 2820 386 2872 Pronurus
403 2820 429 2870 δι
445 2820 524 2887 magru'
540 2820 714 2871 Laomedontis
730 2819 797 2870 ero?

223 2896 283 2946 Non
299 2896 334 2945 ita
351 2907 485 2945 contemno
502 2893 609 2944 volucris
626 2893 747 2959 preconia
765 2894 866 2955 Fame,

262 2965 299 3017 Ut
314 2968 408 3033 probris
426 2980 503 3018 terras
522 2966 622 3032 impleat
639 2967 679 3018 illo
695 2967 764 3018 meis.

227 3040 296 3105 Quid
314 3042 343 3090 de
362 3058 401 3091 me
418 3042 504 3108 Sparte
522 3040 632 3108 poterit,
652 3041 707 3107 quid
726 3040 820 3092 Achaia
837 3052 912 3103 toto,
962 3072 966 3081 ·

265 3111 332 3177 Qud
349 3115 517 3183 geutesllsiae
528 3149 542 3179 2?
556 3114 614 3183 quid
630 3126 672 3167 tua
687 3113 787 3190 Troia,
803 3114 893 3186 loqui?
948 3124 1002 3161 210
