2392 3892
258 462 329 519 nr
345 443 464 514 Aura
490 442 745 513 AnAnorL.
769 444 818 512 II.
847 463 922 539 225

213 566 283 622 Stu'
276 566 354 633 Jacies
371 566 455 620 talos,
475 562 560 612 vislam
577 580 608 611 ne
623 577 694 627 poena
711 561 840 626 sequatur,
933 578 983 627 205

216 629 367 690 Damnosi
383 637 459 685 facito
476 636 537 684 stent
553 636 596 685 tibi
613 636 673 698 saepe
691 650 781 683 canes:

213 713 267 764 Sive
283 711 408 763 latrocinii
422 709 488 759 sub
482 709 586 774 imagine
603 708 709 757 calculus
723 707 788 764 ibit3

245 786 291 836 Fac
309 795 397 850 pereat
412 782 492 830 vitreo
508 784 576 830 miles
594 783 624 829 ab
637 780 704 829 holle
722 794 789 830 tuus.

211 856 260 925 lpse
275 871 336 907 tene
353 855 454 905 distenta
470 854 516 903 suis
533 855 670 903 umbracula
686 853 758 919 virgis
772 868 779 903 t

246 931 299 996 lpse
316 930 372 979 sace
387 928 412 977 in
426 928 515 985 turba,
535 930 581 993 qua
596 927 663 975 venit
679 926 738 983 illa,
759 927 866 995 iocum.x
933 942 985 978 210

211 1003 262 1065 Nec
279 1002 365 1053 dubita
377 999 453 1050 tereti
470 999 588 1049 scamnum
604 999 740 1066 producere
757 1000 839 1050 lesio:

245 1074 277 1126 Et
294 1086 384 1124 tenero
401 1072 490 1121 soleam
508 1073 596 1131 derne,
618 1072 658 1121 vel
673 1072 754 1130 adde,
773 1073 840 1139 perii.

213 1148 279 1214 Saepe
296 1147 372 1198 etiam
389 1145 509 1203 dominre,
530 1146 637 1211 quamvis
653 1146 764 1196 horrebis
783 1147 809 1198 δι
823 1146 893 1213 ipse,

245 1219 361 1287 Algentis
376 1234 460 1267 manus
477 1218 510 1267 est
526 1219 708 1268 calfacienda
689 1236 751 1269 sinu.

211 1292 265 1345 Nec
275 1293 320 1342 tibi
330 1304 401 1357 turpe
411 1303 468 1356 puta
481 1287 492 1353 (
502 1292 608 1355 quamvis
619 1292 663 1339 tibi
672 1303 743 1357 turpe
756 1325 763 1351 ,
779 1294 883 1358 placebit
895 1294 916 1360 ,)
930 1308 980 1357 215

212 1347 354 1433 Ingenua
370 1365 492 1430 speculum
509 1361 635 1412 sustinuisse
649 1380 729 1413 manu.

210 1436 275 1498 llle,
292 1438 400 1504 Fatigatae
414 1436 540 1501 perdendo
555 1435 657 1485 monstra
673 1452 805 1494 novercae,

248 1511 300 1575 Qui
316 1510 405 1559 meruit
420 1511 526 1567 coelum,
544 1510 610 1575 quod
625 1509 692 1573 prior
706 1509 755 1574 ipse
771 1510 849 1568 tulit,

212 1583 278 1635 Inter
293 1583 405 1634 Ioniacas
422 1583 541 1632 calathum
557 1581 657 1631 tenuisse
674 1583 767 1648 puellas

247 1656 382 1714 Creditur,
403 1656 509 1707 &lanas
527 1655 656 1705 excoluisse
674 1655 757 1705 rudes.
932 1670 984 1704 220

213 1728 295 1779 Paruit
310 1728 414 1795 imperio
429 1728 531 1778 dominae
547 1727 689 1796 Tirynthius
705 1730 800 1778 herost

249 1803 260 1851 l
278 1818 361 1859 nunc,
380 1802 405 1852 δι
422 1801 503 1851 dubita
518 1802 601 1860 ferre,
618 1802 682 1867 quod
698 1801 739 1851 ille
754 1801 830 1851 tulit:

214 1873 289 1927 Julius
307 1872 385 1923 adesse
400 1875 475 1933 soro,
492 1874 555 1941 jussi
571 1873 684 1926 maturius
699 1873 758 1925 hori

249 1948 299 1997 Fac
316 1947 407 2012 semper
422 1950 502 1998 venias
516 1964 524 2006 ;
542 1967 587 1999 nec
604 1950 649 1999 nisi
664 1950 729 2000 serus
744 1948 794 2000 abi.

214 2020 339 2071 Occurras
354 2017 434 2086 aliqui>
447 2022 490 2069 tibi
507 2021 614 2080 dixerit3
631 2024 709 2071 omnia
726 2020 814 2070 differ:
931 2034 984 2082 225

250 2094 349 2151 Curre3
370 2109 415 2141 nec
431 2093 552 2157 inceptum
568 2096 638 2142 turba
652 2105 761 2142 moretur
777 2092 834 2140 iter.

209 2165 292 2219 Νοᾶε
308 2126 405 2214 doinum
421 2177 555 2231 repetens,
574 2166 651 2228 epulis
666 2162 809 2230 persunsla,
827 2162 933 2212 redibit.

250 2239 323 2287 Tunc
326 2254 436 2321 'quoque
453 2254 498 2302 pro
516 2236 607 2295 servo,
621 2237 641 2285 si
656 2246 730 2285 uocat
744 2235 803 2292 illu,
821 2234 887 2281 veni.

214 2311 282 2363 Rure
298 2310 365 2368 eris,
387 2311 412 2359 δι
429 2310 494 2359 dicet
509 2310 611 2368 venias,
630 2306 641 2373 (
657 2308 733 2358 Amor
751 2305 822 2355 odit
815 2320 925 2356 inertes:
939 2308 949 2371 )

251 2384 277 2433 Si
294 2395 348 2432 rota
364 2383 488 2440 desuerit,
506 2394 534 2430 tu
550 2383 614 2448 pede
631 2398 702 2447 carpe
719 2380 792 2429 viam.
936 2391 990 2442 230

213 2458 269 2508 Nec
285 2472 359 2523 grave
375 2467 400 2503 te
416 2468 510 2521 tempus
528 2456 642 2507 sitiemve
659 2454 777 2504 Canicula
792 2453 894 2511 tardet3

225 2554 229 2562 ·
249 2531 306 2578 Nec
322 2527 360 2575 via
375 2544 418 2592 per
432 2527 503 2592 jasius
520 2530 620 2579 candida
637 2528 698 2579 satia
712 2530 791 2577 nives.

212 2602 312 2655 Militiae
329 2600 419 2663 species
435 2617 501 2648 amor
516 2600 548 2648 est
564 2619 571 2651 ι
589 2602 703 2651 discedite
721 2602 827 2666 segnes:

251 2673 311 2721 Non
328 2669 380 2716 sunt
396 2671 449 2718 haec
466 2671 552 2720 timidis
569 2674 636 2739 signa
652 2672 743 2721 tuenda
757 2672 826 2718 viris.

214 2750 274 2800 Nox
292 2743 317 2792 &
333 2740 428 2797 hiems,
445 2742 573 2807 longaeque
589 2746 635 2794 viae
647 2777 657 2801 ,,
671 2744 774 2806 saevique
791 2740 891 2792 doloret
935 2756 986 2807 235

254 2815 373 2867 Mollibus
390 2812 426 2861 his
443 2811 538 2871 castris,
558 2816 668 2865 &labor
685 2814 761 2863 omnis
777 2812 846 2865 inest.

217 2892 288 2956 Saepc
306 2890 370 2938 seres
384 2886 484 2935 imbrem
501 2887 590 2937 coelesti
606 2890 669 2937 nube
684 2887 807 2937 solutum:

256 2962 363 3029 Frigidus
382 2961 407 3011 δι
425 2960 488 3009 nudi
503 2960 564 3027 saepe
580 2960 671 3027 jacebis
689 2961 773 3010 humo.

220 3033 341 3104 Cynthius
357 3035 455 3085 Admeti
469 3052 555 3085 vaccas
570 3034 657 3102 pavisse
674 3034 782 3085 Pheraeas

258 3107 364 3169 fertur,
383 3109 408 3161 δι
423 3110 447 3159 in
462 3127 536 3180 parva
552 3108 668 3162 delituisse
685 3107 741 3159 cati
757 3165 759 3170 ,
937 3122 990 3170 240

829 3199 885 3254 Ku
