2392 3892
377 462 428 553 56
484 458 527 526 P.
555 457 992 530 Or1n11NAsoms

319 597 352 650 ¹9
356 598 368 647 5
384 582 442 631 Non
453 595 499 646 ego
509 590 535 629 te
544 578 648 645 imploro
662 590 746 628 contra
755 590 885 645 taurosque
894 582 1031 649 virosque,

415 654 498 718 thue
510 651 552 701 tud
562 652 659 717 serpens
668 652 729 702 vitia
739 653 844 717 quiescat
855 669 913 718 ope.

378 726 418 777 Te
428 738 504 792 peto,
518 741 590 791 quem
600 724 676 775 metui
687 758 695 783 ,
705 742 776 790 quem
784 725 853 775 nobis
865 726 916 790 ipse
927 725 1031 785 dedisti3

416 800 478 849 Cum
493 815 540 865 quo
550 796 598 847 sum
609 798 698 862 pariter
709 798 769 847 fasta
779 810 881 865 parente
891 815 991 863 parens.

379 872 435 923 Dos
448 873 489 923 ubi
501 872 549 934 sit,
561 872 665 937 quatiet
677 887 761 938 campo
770 871 947 924 numeravimus
955 872 999 922 illo
1011 904 1019 930 ‚

320 963 372 999 200
420 946 471 1009 Qui
482 946 525 995 tibi
536 978 543 1005 ,
558 946 637 994 laturo
650 946 744 1002 vellus,
755 945 856 994 arandus
865 957 928 995 erat.

380 1019 477 1084 Aureuq
490 1020 532 1068 ille
543 1017 623 1075 aries,
635 1018 695 1067 villo
706 1016 838 1083 spedabilis
846 1034 925 1067 nureo
936 1050 945 1076 ,
1041 1047 1043 1051 ·

418 1094 473 1142 Dos
484 1107 536 1140 mea
547 1106 554 1140 t
565 1088 645 1151 Quam
656 1090 750 1146 ,dicam
760 1089 781 1139 si
790 1089 848 1146 tibi,
864 1091 957 1148 redde,
968 1107 1055 1159 neges·

381 1166 500 1221 Dosssmea
509 1176 536 1212 tu
546 1160 626 1225 sospes
636 1178 644 1212 t
656 1160 701 1211 dos
712 1160 746 1211 est
753 1178 806 1210 mea
818 1160 895 1227 Graja
902 1162 1030 1228 juventus.

419 1239 429 1286 l
443 1252 524 1293 nunc,
539 1234 662 1301 Sisyphias
672 1267 680 1292 ,
689 1234 816 1302 improbe,
829 1236 915 1285 confer
924 1252 996 1302 opes.

322 1325 355 1361 20
360 1307 596 1374 5Quodvivis,quod
602 1308 677 1358 hebes
684 1308 948 1375 nuptam,socerumqne
954 1321 1064 1375 potenter

420 1383 477 1433 Hoc
491 1382 582 1449 ipsum,
592 1380 701 1449 ingratus
712 1381 778 1448 quod
786 1396 859 1449 potes
870 1381 932 1440 effe,
944 1399 1023 1431 meum
1034 1380 1064 1430 est

384 1456 455 1521 Quos
464 1457 575 1523 equidem
581 1455 697 1506 adiutum.
707 1488 715 1504 .
726 1490 734 1505 .
746 1454 787 1504 sed
798 1454 993 1519 quidptaedicete
1000 1471 1064 1521 poene

421 1526 535 1581 Attinet?
547 1528 659 1596 ingentes
671 1527 774 1595 punxit
785 1527 820 1575 ira
829 1529 914 1578 minas.
994 1538 996 1540 ’

385 1600 444 1666 Qud
455 1602 518 1662 feret
527 1602 579 1659 ira,
589 1600 759 1667 sequan.1·'adti
770 1598 866 1650 Iorttffe
874 1601 986 1669 pigebit:

323 1688 376 1724 210
422 1676 453 1724 Et
465 1676 531 1740 piget
542 1673 617 1724 infido
632 1673 773 1724 consuluiffe
789 1674 853 1724 viro.

385 1748 484 1802 Viderit
493 1746 534 1795 ista
542 1746 629 1806 Deus,
641 1748 682 1813 qui
692 1755 756 1797 nunc
766 1762 820 1795 mea
829 1747 926 1812 pedore
933 1748 1014 1799 versat
1027 1763 1036 1799 t

423 1819 513 1870 Nescio
522 1819 579 1887 quid
588 1820 656 1872 certe
664 1837 732 1871 mens
744 1837 798 1871 inea
807 1820 883 1887 majus
891 1821 951 1889 agit.

533 2050 821 2116 'EPISTOLA
862 2047 962 2109 XIII.

437 2155 720 2255 Lnonm'u¹
752 2179 1064 2238 Pnommo

390 2267 477 2390 M
487 2333 545 2392 init,
555 2334 580 2383 &
590 2346 660 2401 optat
665 2350 755 2391 amens,
763 2328 812 2398 qud
817 2329 930 2392 minitat,
935 2325 1064 2385 ire‚salute

427 2402 537 2455 AEmonis
548 2403 663 2456 AEmonio
674 2405 801 2454 Laodamia
816 2402 879 2451 viro.

392 2473 481 2525 Aulide
492 2488 517 2526 te
528 2477 589 2525 fama
603 2478 647 2536 est,
656 2488 731 2527 vento
741 2475 862 2525 retinente
872 2505 880 2531 ‚
890 2471 989 2524 morari.

429 2548 468 2599 Ah
480 2547 486 2598 I
500 2564 539 2598 me
550 2548 604 2598 edm
615 2550 712 2616 fugeres
722 2581 729 2605 ,
739 2548 778 2597 hie
788 2547 830 2597 ubi
839 2557 926 2596 ventus
935 2547 1013 2599 erat?

369 2636 382 2686 5
393 2622 457 2673 Tum
468 2622 672 2676 fretadebuerant
681 2619 765 2671 vestris
776 2619 890 2671 obsistere
899 2622 991 2671 remis:

428 2696 492 2753 ¹lllud
503 2708 554 2747 erat
565 2695 631 2746 saevis
643 2694 704 2745 utile
714 2706 810 2761 tempus
824 2694 901 2761 aquis.

396 2769 486 2820 Oscula
496 2771 565 2836 plura
573 2768 628 2821 viro
638 2769 812 2835 ,mandataque
822 2770 892 2836 plura
906 2766 1019 2817 dediffem
1030 2784 1040 2819 t

431 2844 463 2893 Et
473 2844 526 2896 sunt
536 2860 587 2911 que
597 2844 665 2896 volui
674 2844 756 2894 dicere
765 2844 832 2910 plura
839 2842 892 2895 tibi.

395 2913 523 2981 Raptuaes
534 2920 589 2968 hinc
599 2932 725 2985 praeceps:
739 2918 782 2975 δι,
794 2917 833 2983 qui
844 2928 885 2964 tua
892 2912 947 2961 vela
958 2926 1060 2963 vocaret

355 3002 385 3036 ιο
432 2988 513 3051 Quem
522 3002 640 3055 cuperent
650 3002 744 3048 nautae,
756 3004 806 3039 non
816 3002 877 3052 ego,
886 2993 973 3033 ventus
981 2999 1044 3035 erat.

395 3060 492 3115 Ventus
504 3072 556 3111 etet
566 3063 645 3111 nautis
658 3074 729 3127 aptus
740 3074 815 3117 ,non
829 3068 898 3122 aptus
914 3056 1014 3109 amanti.

432 3132 521 3186 Solvor
535 3133 565 3185 ab
580 3134 706 3206 saplenti
716 3128 869 3205 Proteum
880 3140 942 3201 tuot
