2392 3892
271 493 274 500 .
365 431 757 501 Consotrrrm
851 444 925 521 3&

217 548 316 601 Lucifer
328 544 352 597 in
365 558 421 597 toto
433 546 493 598 nulli
506 544 641 613 comparuit
653 544 713 594 orbe
722 564 742 603 ‚·
763 603 765 607 Ι

254 624 289 673 Et
299 622 389 680 venit,
402 619 469 670 stella
481 637 532 672 non
546 630 689 686 preeunte,
703 616 765 674 diet.

218 696 313 746 Sideris
323 695 371 744 hoc
387 694 466 744 obitus
480 693 552 746 terrie
565 690 652 743 instato
663 690 793 751 mouebat,

254 768 287 819 Et
300 767 377 835 mergi
392 766 476 835 Stygii
491 767 573 824 nobile
585 766 666 825 limen
679 762 749 831 aqui.
938 781 991 826 410

218 840 253 892 At
266 856 315 900 tu,
330 841 371 907 qui
384 839 480 908 superes
493 838 578 890 melle
590 838 677 898 solent
690 836 776 895 matri,

254 914 407 979 Compreeor
420 913 455 963 illi
468 913 514 980 ipsi
529 912 677 978 conspiciare
691 911 773 962 senex.

216 985 315 1054 Perque
330 1003 404 1038 annos
420 987 546 1037 diuturnus
562 1002 603 1036 eas
618 986 746 1051 fratrisque
760 996 881 1050 tuosque,
921 1049 924 1055 .

254 1060 288 1110 Et
298 1060 364 1109 vivat
378 1073 435 1119 nato
451 1077 506 1110 curn
519 1060 575 1110 sene
590 1071 666 1109 meter
678 1074 746 1108 anus.

217 1134 343 1189 Eventura
357 1147 453 1198 precor.
468 1133 539 1186 Deus
554 1132 671 1184 excusare
685 1131 767 1197 priora
794 1153 796 1158 ·
937 1142 988 1192 4¹5

255 1207 322 1255 Dum
335 1206 422 1265 volet,
436 1224 450 1256 a
466 1205 549 1258 Druso
564 1217 646 1256 cetera
661 1206 715 1254 laeta
731 1202 805 1255 dabit.

217 1280 259 1329 Tu
275 1289 356 1330 tamen
370 1278 426 1329 ausa
440 1291 511 1345 potes
525 1290 595 1328 tanto
610 1278 734 1344 indulgere
749 1274 846 1328 dolori:

257 1351 364 1421 Longius
376 1364 404 1403 ut
418 1352 481 1409 nolis
489 1384 498 1409 ,
513 1351 561 1401 heu
577 1350 585 1399 l
602 1350 664 1420 male
679 1350 767 1409 fortis,
782 1350 848 1414 ali}

218 1426 270 1490 ,Vix
284 1427 357 1475 etiam
372 1425 452 1476 fueras
465 1440 554 1491 paucas
569 1421 649 1475 vitalis
664 1424 687 1472 in
701 1424 791 1481 horas,
807 1463 809 1467 .

255 1498 353 1549 Obtulit
363 1497 445 1549 invitae
460 1496 513 1549 clun
527 1496 571 1548 tibi
586 1495 666 1548 Cesar
681 1510 772 1563 opem:
786 1527 789 1532 -
936 1510 990 1557 420

216 1570 381 1638 Admovitque
396 1588 482 1637 preces
494 1604 502 1630 ,
517 1572 544 1622 ὅ(
558 1568 596 1635 jus
611 1570 737 1622 immiscuit
748 1568 812 1622 illist

254 1643 377 1710 Aridaque
391 1642 466 1695 affusi
480 1656 577 1711 guttura
591 1643 663 1693 tinxit
676 1642 746 1710 aquit.

218 1716 273 1766 Nec
290 1716 367 1767 minor
379 1717 412 1766 est
421 1728 479 1766 nato
494 1716 616 1767 servanda
632 1733 688 1766 cura
701 1716 828 1781 parentis:

255 1789 303 1839 Hic
317 1790 415 1840 adhibet
426 1789 523 1840 blandae
536 1822 543 1847 ,
558 1805 604 1837 nac
618 1789 669 1839 sine
686 1787 758 1852 jure,
776 1805 870 1853 preces.

219 1860 338 1931 Conjugis
355 1863 382 1914 δι
398 1862 448 1912 nati
460 1862 572 1914 meritum
587 1860 743 1928 pervenitad
757 1875 860 1912 omnes:
934 1876 986 1923 425

255 1935 373 2002 Conjugis
389 1934 415 1986 δι
428 1937 495 1995 nati,
512 1936 598 1994 Livia,
615 1935 694 2002 sospes
711 1951 758 2001 ope
773 1952 810 1986 es.

217 2009 343 2075 Supprime
357 2007 405 2072 jam
419 2010 535 2075 lacrymas
551 2025 559 2057 ε
573 2026 623 2057 non
637 2009 670 2057 est
683 2010 826 2059 revocabilis
839 2006 905 2067 istis,

254 2081 335 2146 Quem
350 2080 422 2130 semel
436 2080 565 2130 umbriferi
581 2080 661 2129 navita
674 2081 744 2142 lintre
760 2081 825 2130 tulit·

216 2154 324 2203 Hellora
339 2165 378 2203 tot
393 2153 497 2212 fratres,
511 2164 550 2203 tot
564 2152 686 2202 deflevere
700 2152 794 2204 sorores
806 2170 815 2211 3

253 2226 286 2277 Et
298 2238 385 2293 pater,
404 2227 431 2277 &
444 2225 552 2293 conjux,
569 2224 739 2292 Astyanaxque
753 2242 833 2292 puer,
934 2239 987 2289 430

213 2296 247 2353 Et
262 2300 372 2365 longaeva
385 2316 471 2367 parens
485 2315 492 2351 z
506 2310 586 2349 tamen
600 2299 641 2350 ille
656 2299 777 2349 redemtus
790 2299 821 2347 ad
833 2299 901 2366 ignes
914 2314 923 2355 3

253 2374 374 2439 Nullaque
387 2390 431 2439 per
446 2372 541 2440 Stygias
555 2374 639 2423 umbra
651 2373 746 2422 cenavit
759 2389 841 2439 aquas.

216 2445 328 2513 Contigit
341 2446 389 2497 hoc
405 2446 477 2498 etiam
491 2445 591 2495 Thetidi
603 2462 610 2496 :
622 2447 750 2511 populator
761 2445 874 2514 Achilles,

252 2520 325 2568 Iliaca
338 2519 445 2571 ambustis
462 2520 554 2572 ossibus
568 2535 626 2569 arva
639 2520 735 2585 premit.

214 2592 254 2642 llli
267 2594 396 2643 ceruleum
407 2592 505 2659 Panope
519 2606 649 2644 matertera
663 2596 753 2648 crinem
933 2603 965 2654 43
972 2604 984 2653 5

252 2665 347 2725 Solvit,
361 2666 388 2715 lit
398 2666 521 2718 immensas
532 2667 628 2717 fletibus
639 2667 706 2717 auxit
716 2682 799 2733 aquas.

215 2737 397 2803 Consoctesque
409 2739 472 2789 Deae
485 2752 599 2799 centum,
613 2741 770 2807 longaevaque
782 2734 862 2805 magni

253 2811 349 2862 Oceani
364 2809 469 2877 conjux,
483 2813 647 2879 Oceanusque
662 2824 751 2879 pater3

214 2885 246 2935 Et
255 2885 342 2935 Thetis
351 2895 407 2933 ante
417 2901 516 2935 omnes:
528 2886 568 2936 sed
576 2886 717 2937 necThetis
725 2885 787 2952 ipsa,
796 2882 875 2951 neque
884 2900 967 2935 omnes

253 2958 380 3008 Mutarunt
396 2957 459 3007 avidi
473 2957 545 3014 tristia
558 2958 612 3023 jura
627 2959 685 3008 Dei.
932 2973 985 3020 440

215 3031 295 3101 Prisca
306 3032 362 3098 quid
373 3032 420 3081 huc
432 3043 519 3097 repeto
531 3028 543 3079 i
553 3031 699 3081 Marcellum
714 3030 815 3083 Oliavia
825 3031 911 3091 flevit,

253 3102 285 3154 Et
297 3102 364 3157 flevit
376 3107 468 3175 populo
484 3102 561 3157 Caesar
575 3116 703 3174 utrumque
717 3106 802 3173 palam.

822 3196 879 3264 Oij
