2392 3892
287 334 570 403 Hauorors.
596 332 677 401 ΕΡ.
709 332 806 402 VII.
858 354 904 430 3¹

192 452 237 505 illa
253 452 306 507 dies
327 454 428 512 nocuit,
443 453 489 519 qui
507 469 554 503 nos
570 452 670 502 declive
682 451 724 501 sub
740 466 835 503 antrum

231 527 359 578 Caeruleus
378 527 458 576 subitis
478 528 595 593 compulit
616 528 693 575 imber
708 528 785 592 aquis.

195 598 324 650 Audieram
339 617 447 658 vocem;
465 602 590 668 Nymphas
607 599 705 649 ululasse
723 601 824 666 putavi:
917 622 951 673 95

231 673 377 722 Eumenides
398 675 453 722 satis
470 674 538 740 signa
555 673 645 723 dedere
659 674 728 723 meis.
810 700 813 705 ·

195 746 288 812 Exige,
309 748 363 796 laese
374 746 469 811 pudor,
490 764 591 811 poenas,
609 749 700 797 violate
720 748 815 798 Sichaeo
829 765 836 798 :

231 820 271 868 Ad
287 836 379 885 quem,
399 834 437 867 me
457 819 582 868 miseram!
603 822 671 886 plena
689 821 788 886 pudoris
810 838 852 870 eo.

196 891 236 941 Est
257 893 317 960 mihi
332 890 465 941 marmorei
482 891 584 944 sacratus
601 895 624 943 in
642 894 695 943 tede
715 895 842 945 Sichaeus:

233 964 361 1029 Appositae
376 965 473 1015 frondes
492 969 632 1034 velleraque
650 968 704 1016 alba
720 979 816 1034 tegunt.
923 977 975 1013 100

194 1034 267 1086 Hinc
285 1053 332 1103 ego
341 1054 384 1092 ¹me
399 1038 459 1089 sensi
476 1054 537 1091 noto
554 1055 640 1107 quater
659 1057 703 1091 ore
719 1040 789 1091 citari
805 1058 824 1092 :¹

231 1109 285 1175 lpse
300 1110 358 1159 sono
374 1113 440 1160 tenui
453 1114 533 1172 dixit,
554 1114 625 1162 Elissa
639 1114 705 1163 veni.

196 1184 271 1236 Nulla
288 1200 356 1232 mora
369 1184 419 1240 est3
437 1187 525 1242 senio,
544 1186 619 1232 venio
634 1186 677 1232 tibi
694 1186 774 1234 debita
790 1186 902 1253 conjuxt

143 1273 149 1282 ·
231 1256 280 1306 Sed
294 1268 379 1304 tamen
394 1256 491 1305 admissi
507 1255 573 1305 tarda
591 1256 685 1321 pudore
699 1258 755 1305 mei.

196 1328 234 1379 Da
253 1330 354 1378 veniam
371 1330 463 1395 culpae;
482 1328 579 1394 decepit
589 1329 691 1379 idoneus
710 1329 803 1380 audior.
927 1345 974 1393 ¹05

231 1402 350 1452 invidiam
371 1419 440 1451 nouae
463 1401 569 1453 detrahit
588 1403 630 1452 ille
651 1417 722 1452 meae.

197 1474 264 1527 Diva
284 1492 392 1541 parens,
415 1476 541 1541 seniorque
557 1490 628 1541 pater
646 1510 653 1534 ‚
673 1476 712 1541 pia
730 1476 819 1526 sarcina
837 1475 912 1535 uati,

231 1549 306 1614 Spem
321 1548 378 1596 mihi
393 1548 495 1597 mansuri
511 1550 557 1597 rite
571 1549 661 1599 dedere
678 1550 732 1599 viri.
771 1565 774 1570 ·

196 1623 223 1673 si
241 1622 288 1671 suit
306 1622 449 1679 errandum,
469 1622 549 1672 causas
567 1623 639 1672 habet
657 1639 726 1672 error
744 1622 873 1675 honestas:

232 1693 305 1745 Adde
319 1693 409 1753 sidem3
427 1695 492 1744 nulli
502 1707 571 1761 parte
584 1696 702 1763 pigendus
721 1698 776 1746 erit.
927 1719 977 1755 110

197 1766 277 1818 Durat
294 1768 319 1819 in
336 1782 488 1827 extremum,
504 1771 610 1834 vitaeque
623 1770 751 1820 novissima
769 1768 855 1821 nosirae

234 1840 390 1908 Prosequitur
402 1841 462 1901 sati,
481 1842 520 1909 qui
535 1843 580 1894 suit
600 1856 675 1903 ante,
691 1857 773 1894 tenor.

200 1913 302 1965 Occidit
318 1916 424 1965 internas
436 1916 525 1981 conjux
536 1917 649 1967 mandatus
665 1918 695 1966 ad
712 1934 800 1968 aurast

235 1988 379 2046 Etsceleris
398 1990 459 2037 tanti
478 1992 573 2055 premia
587 1992 663 2040 stater
678 1991 762 2040 habet.

198 2061 270 2115 Exsul
284 2077 360 2130 agor3
377 2063 519 2128 cineresque
533 2064 578 2112 viri
596 2064 745 2127 patriamque
762 2063 892 2128 relinquo:
930 2092 977 2141 115

234 2136 266 2185 Et
285 2136 352 2185 seror
370 2136 394 2184 in
410 2136 498 2193 duras,
513 2135 579 2183 hoste
597 2136 727 2200 sequente,
742 2135 802 2183 vias.

197 2209 316 2277 Applicor
332 2208 422 2275 ignotis
442 2225 449 2257 ε
467 2208 584 2273 fratrique
602 2207 680 2273 elapsa
691 2207 821 2274 fretoque,

235 2281 312 2344 Quod
331 2281 374 2331 tibi
393 2281 496 2340 donavi,
514 2279 621 2347 perfide',
639 2282 696 2331 litus
708 2298 774 2334 emo.

197 2354 292 2405 Urbem
309 2353 439 2412 constitui3
454 2357 549 2422 lateque
566 2356 674 2421 patentia
688 2353 730 2406 fixi

234 2427 330 2477 Moeuia
339 2461 347 2486 ,
357 2426 462 2479 finitimis
473 2429 588 2479 invidiosa
603 2430 674 2479 locis.
897 2478 901 2486 ,
924 2466 978 2500 120

196 2501 266 2553 Bella
285 2512 379 2550 tument
395 2517 403 2552 t
422 2503 490 2553 bellis
502 2503 630 2570 peregriua
648 2503 673 2554 δι
687 2502 775 2553 semina
789 2514 891 2554 tentor:

232 2574 336 2639 vixque
352 2575 423 2625 tudes
440 2589 521 2640 portas
538 2577 604 2626 urbis
621 2576 647 2627 δι
664 2594 729 2626 arma
750 2593 821 2641 paro.

196 2647 270 2700 Mille
281 2647 364 2713 procis
382 2650 480 2713 placui,
492 2651 533 2715 qui
550 2667 589 2699 me
606 2650 691 2699 coiere
706 2660 838 2714 querentes

234 2720 327 2772 Nescio
345 2738 415 2788 quem
434 2722 544 2770 thalamis
560 2720 712 2785 praeposuisse
729 2720 784 2771 suis.

197 2792 265 2857 Quid
287 2795 381 2844 dubitas
400 2796 502 2844 vinslam
520 2794 614 2843 Getulo
628 2792 724 2842 tradere
741 2793 837 2847 latha?
926 2822 958 2856 12
964 2821 975 2867 5

236 2866 383 2917 Praebuerim
398 2868 482 2917 sceleri
501 2866 598 2916 brachia
616 2866 693 2915 uostta
710 2884 764 2917 tuo.

198 2938 239 2990 Est
256 2941 328 2989 etiam
346 2940 439 2998 frater,
463 2939 532 3005 cujus
553 2956 636 2990 manus
652 2940 723 3005 impia
743 2943 821 3015 possit

235 3012 353 3083 Respergi
373 3013 472 3074 nostro,
488 3014 564 3082 sparsa
580 3030 668 3066 eruore
683 3014 785 3136 virijB·

778 3102 803 3135 ur
