2392 3892
365 442 387 514 3
464 438 505 509 Ρ.
532 439 719 511 Orrnrr
745 444 967 514 Nasonis

365 556 433 622 Quid
448 577 534 627 precor
547 562 630 612 infelix
641 563 654 611 ?
667 562 713 626 jam
726 576 750 612 te
761 575 829 613 tenet
841 567 916 615 altera
930 565 1022 632 conjux

404 634 529 693 Forsitan,
542 636 567 684 &
578 670 585 693 ,
597 638 668 686 nobis
679 638 718 701 qui
729 637 790 685 male
801 637 876 695 savit,
889 639 975 691 Amor.

303 715 334 752 10
339 715 351 766 5
364 706 448 774 thue
459 709 502 759 tibi
515 709 660 767 excidimus,
673 710 760 757 nullam
770 741 778 766 ,
790 723 867 775 puto,
882 710 992 777 Phyllida
1004 712 1064 763 nosti

402 782 451 831 Hei
462 782 517 830 mihi
531 780 537 828 !
550 782 571 830 si
580 813 587 838 ,
597 798 651 847 quae
663 782 706 830 sim
719 781 825 849 Phyllis,
839 784 865 833 bt
876 791 938 833 unde
949 820 956 844 ,
968 803 1043 855 rogas
1055 804 1064 840 t

364 853 431 918 Quae
439 855 483 904 tibi
493 887 500 910 ,
510 854 677 920 Demophoon
687 888 694 912 ,
706 856 785 922 longis
796 857 917 906 erroribus
929 859 983 910 asto

401 927 533 977 Threicios
544 941 628 993 portus
643 928 819 993 hospitiumque
830 929 903 979 dedi:

367 998 444 1065 Cujus
456 1018 515 1065 opes
526 1018 615 1049 auxere
627 1018 687 1051 meae
699 1018 706 1049 τ
719 1002 758 1050 cui
767 1002 836 1050 dives
846 1003 929 1069 egenti

302 1081 352 1119 110
402 1074 505 1124 Munera
519 1074 592 1121 multa
606 1074 675 1131 dedi,
688 1076 761 1123 multa
772 1074 855 1124 datura
865 1076 918 1123 sui:

366 1145 429 1210 Quae
439 1147 482 1194 tibi
496 1145 585 1211 subjeci
596 1147 708 1196 latissima
719 1163 793 1214 regna
805 1146 926 1213 Lycurgi,

402 1220 506 1270 Nomine
517 1220 622 1269 femineo
632 1219 670 1269 vir
682 1220 736 1269 satis
746 1232 801 1285 apta
811 1221 880 1287 regi,

367 1292 422 1359 Qud
431 1305 498 1359 patet
510 1292 645 1343 umbrosum
656 1293 776 1356 Rhodope
786 1294 891 1361 glacialis
902 1296 931 1344 ad
943 1295 1056 1348 Haemum

402 1366 433 1416 Et
444 1367 510 1416 sacer
519 1367 626 1417 admissas
638 1369 712 1434 erigit
726 1368 823 1417 Hebrus
834 1385 906 1433 aquas
917 1385 925 1420 r

301 1436 351 1489 ¹¹5
366 1438 415 1490 cui
425 1458 477 1489 mea
488 1441 610 1508 uirginitas
622 1441 705 1489 avibus
716 1442 789 1488 libata
799 1441 872 1490 sinisti
878 1443 915 1501 is,
986 1447 989 1456 '

402 1513 517 1580 Castaque
529 1514 608 1563 sallaci
618 1530 679 1562 zona
689 1513 793 1562 recintla
803 1530 882 1562 manu.

364 1585 477 1638 Pronuba
487 1587 622 1654 Tisiphone
632 1587 741 1636 thalamis
751 1586 852 1635 ululavit
862 1586 886 1635 in
895 1586 942 1638 illis
952 1621 962 1648 ,

402 1661 433 1710 Et
450 1661 539 1710 cecinit
552 1660 656 1709 maessum
670 1660 739 1709 devia
750 1676 845 1709 carmen
855 1661 915 1710 avis.

364 1733 450 1784 Adfuit
459 1733 561 1792 hreno,
572 1733 685 1781 brevibus
697 1743 808 1798 torquata
820 1735 923 1783 colubris
933 1752 943 1793 ς

300 1812 350 1849 120
400 1807 507 1873 Suntque
519 1807 645 1873 sepulcrali
659 1806 746 1855 lumina
756 1818 822 1857 mota
831 1807 896 1857 face.

343 1905 347 1910 ·
362 1878 445 1929 Mesia
456 1894 537 1933 tamen
551 1880 663 1945 scopulos
674 1880 834 1946 fruticosaque
846 1882 916 1930 litora
930 1883 1017 1944 calco,

400 1953 502 2020 Quaque
517 1965 602 2019 patent
612 1954 688 2004 oculis
702 1971 800 2020 aequora
814 1955 862 2004 lata
872 1956 942 2005 meis.

362 2025 419 2080 Sive
438 2028 476 2077 die
493 2029 587 2077 laxatur
603 2028 707 2084 humus,
723 2028 765 2076 seu
778 2027 864 2094 frigida
880 2028 964 2080 lucent

363 2159 366 2164 Ι
398 2100 481 2151 Sidera
490 2118 500 2159 3
511 2100 649 2168 prospicio,
665 2100 717 2167 quis
727 2101 789 2150 freta
797 2112 884 2151 ventus
894 2114 959 2168 agat.

297 2170 347 2221 ¹25
361 2173 393 2224 Et
405 2191 560 2241 quaecumque
574 2174 660 2241 procul
678 2172 799 2224 venientia
813 2174 887 2223 lintea
900 2175 971 2233 vidi,

398 2247 510 2298 Protinus
523 2250 562 2298 illa
573 2265 641 2298 meos
651 2265 756 2315 auguror
768 2247 814 2297 esse
824 2247 904 2296 Deos.

360 2318 389 2371 In
398 2322 461 2370 freta
470 2339 587 2387 procurro
598 2353 606 2377 ,
617 2322 659 2368 vix
669 2338 708 2369 me
721 2320 878 2368 retinentibus
890 2319 976 2378 undis,

396 2395 494 2444 Mobile
503 2397 549 2461 qud
558 2393 645 2458 primas
654 2392 755 2455 porrigit
766 2407 848 2455 aequor
859 2405 941 2453 aquas.

361 2466 420 2532 Quo
435 2468 509 2534 magis
522 2465 656 2521 accedunt,
669 2463 745 2511 minus
758 2463 783 2511 &
793 2462 871 2510 minus
882 2463 948 2512 utilis
958 2463 1024 2519 asto:

295 2549 347 2604 130
396 2541 518 2606 Linquor,
532 2535 659 2588 &ancillis
670 2534 810 2599 excipienda
822 2535 892 2584 cado.
922 2595 924 2599 .

358 2612 398 2663 Est
409 2614 472 2663 sinus
484 2608 598 2660 adduuos
608 2607 702 2657 modic'e
712 2607 813 2657 falcatus
824 2607 850 2656 in
859 2620 946 2669 arcto,

396 2686 486 2737 Ultima
502 2680 622 2747 preruptal
636 2697 726 2730 cornua
742 2682 807 2730 mole
823 2681 910 2749 rigent.

357 2759 423 2811 Hinc
440 2756 497 2807 mihi
508 2754 642 2820 suppositas
652 2753 781 2805 immittere
793 2770 881 2823 corpus
892 2758 916 2806 in
927 2758 1005 2807 undas

393 2833 466 2883 Meno
477 2830 521 2879 suit
531 2846 541 2888 5
553 2831 579 2880 dt
585 2862 594 2889 ,
609 2829 722 2896 quoniam
734 2830 819 2881 fallere
829 2831 925 2897 pergis,
935 2830 992 2881 erit.

294 2922 344 2977 135
358 2906 397 2958 Ad
407 2918 448 2955 tua
460 2919 497 2952 me
508 2903 591 2953 sluslus
602 2903 733 2969 projeslam
745 2904 817 2954 litora
826 2913 942 2969 portent,

392 2978 573 3040 Occurramque
585 2978 661 3027 oculis
671 2978 811 3026 intumulata
820 2976 877 3024 tuis.

356 3047 455 3114 Duritia
465 3053 555 3101 serrum
567 3063 594 3099 ut
606 3050 719 3117 superes,
733 3049 905 3113 adamantaque
914 3056 989 3112 teque
1000 3063 1010 3107 ς

393 3126 453 3180 Non
463 3124 507 3178 tibi
520 3123 571 3184 sic,
582 3119 666 3185 dices,
679 3121 775 3192 Phylli,
788 3120 924 3190 sequendus
933 3129 1024 3186 emm:
