2392 3892
294 445 781 517 RamnnrAAnronrs.
831 468 907 545 275
980 479 985 483 ·

198 566 340 619 Callimachi
356 565 460 615 numeris
478 582 527 615 non
545 565 577 614 est
594 565 710 617 dicendus
726 567 852 620 Achilles:

236 641 347 708 Cydippe
363 655 411 687 non
427 638 460 687 est
476 639 542 697 oris,
561 637 689 698 Homere,
706 641 751 689 tui.

198 714 262 779 Quis
273 714 336 763 ferat
347 712 529 762 Andromaches
539 725 696 779 peragentem
707 713 802 763 Thaida
812 728 892 781 partes
904 713 916 767 ἓ

235 787 345 843 Peccat,
362 786 387 834 in
403 784 573 834 Andromache
590 785 687 835 Thaida
701 786 721 835 si
738 788 789 852 quis
805 804 870 853 agat.

198 859 278 911 Thais
294 860 319 908 in
335 871 388 908 arte
404 857 480 907 mei:
501 858 596 908 lascivia
615 859 689 908 libera
704 860 782 909 nostra
800 861 842 912 est.
917 862 967 928 385

236 934 279 983 Nil
294 932 351 982 mihi
369 948 423 981 cum
439 929 499 980 vitta
514 946 521 980 t
539 929 618 981 Thais
634 932 658 981 in
675 944 726 983 arte
742 941 800 983 mea
810 934 853 985 est.

199 1005 226 1057 si
242 1021 296 1055 mea
312 1006 419 1054 materiae
433 1004 563 1069 respondet
578 1004 650 1053 Musa
665 1003 774 1070 jocosae,

237 1078 365 1137 Vicimus,
384 1078 410 1128 bt
426 1078 478 1126 falsi
493 1077 597 1127 criminis
612 1078 663 1127 aila
676 1095 717 1129 rea
734 1079 776 1129 est.

199 1152 338 1217 Rumpere,
350 1150 424 1201 Livor
435 1150 512 1202 edax:
523 1150 571 1218 jam
581 1168 693 1219 magnum
702 1169 791 1203 nomen
801 1153 915 1203 habemus
926 1168 934 1203 t

237 1223 320 1288 Maius
334 1225 401 1282 erit;
415 1221 524 1283 tantrlm,
545 1241 593 1290 quo
610 1226 672 1290 pede
689 1226 782 1292 coepit,
799 1239 848 1276 eat.
920 1241 972 1291 390

201 1298 251 1348 Sed
261 1294 356 1347 nimium
367 1312 481 1362 properas
493 1312 500 1346 ε
512 1296 591 1345 vivam
602 1296 675 1349 modb
686 1332 694 1357 ,
710 1301 778 1366 plura
789 1301 882 1350 dolebis
893 1317 902 1358 3

237 1370 269 1420 Et
286 1370 381 1435 capient
396 1369 468 1418 animi
484 1370 587 1418 carmina
603 1373 677 1420 multa
692 1372 749 1423 mei.

200 1444 263 1493 Nam
274 1442 362 1509 juvat,
381 1441 516 1493 &studium
528 1443 597 1492 famae
607 1444 664 1492 mihi
675 1445 761 1495 crescit
770 1445 869 1495 honorae
881 1462 890 1503 3

237 1515 357 1581 Principio
372 1515 428 1564 clivi
443 1516 521 1565 vester
539 1516 636 1565 anhelat
650 1533 737 1582 equus.

199 1590 306 1659 Tantum
322 1589 345 1638 se
362 1589 431 1638 nobis
447 1588 517 1655 Elegi
534 1589 625 1638 debere
640 1590 766 1649 fatentur,
921 1604 971 1656 395

239 1662 362 1726 Quantum
379 1661 485 1727 Virgilio
502 1662 583 1711 nobile
601 1662 675 1712 debet
693 1680 764 1729 opus.

199 1736 324 1786 Hadlenus
340 1734 439 1784 Invidiae
454 1734 619 1804 respondimus
635 1751 643 1787 t
657 1738 751 1785 attrahe
768 1736 820 1785 lora

237 1806 354 1865 Fortiias3
373 1809 476 1873 &gyro
494 1823 583 1866 curre,
603 1810 696 1873 poeta,
714 1823 767 1858 tuo.

201 1881 268 1949 Ergo
287 1882 326 1931 ubi
343 1880 506 1939 concubitus,
525 1881 550 1931 δι
566 1898 627 1947 opus
642 1881 750 1948 juvenile
767 1885 885 1948 petetur,

238 1955 271 2004 Et
286 1970 363 2020 prope
379 1953 495 2019 promillae
512 1966 622 2021 tempora
639 1957 715 2006 nodlis
732 1968 824 2014 erunt;
922 1971 977 2017 400

203 2027 300 2080 Gaudia
316 2044 347 2077 ne
365 2028 487 2085 dominae,
505 2029 579 2093 pleno
597 2029 617 2077 si
632 2030 730 2094 pedore
748 2030 843 2087 sumes,

239 2100 279 2150 Te
298 2100 411 2166 capiant3
430 2100 495 2147 ineas
513 2100 642 2164 quamlibet
659 2113 715 2151 ante
732 2101 814 2149 velim.

203 2174 345 2239 Quamlibet
361 2171 488 2229 invenias,
507 2171 531 2220 in
546 2188 593 2237 qua
608 2172 651 2221 tibi
666 2174 741 2237 prima
756 2175 869 2239 voluptas

241 2247 368 2296 Desinat:
384 2262 397 2294 a
414 2246 489 2311 prima
505 2245 613 2311 proxima
631 2246 707 2313 segnis
724 2246 779 2295 erit.

204 2319 340 2371 Sustentata
356 2320 443 2371 Venus
460 2318 592 2387 gratissima
609 2333 617 2369 τ
633 2320 723 2387 frigore
741 2319 823 2377 soles,
925 2332 977 2381 405

241 2393 299 2443 Sole
316 2392 401 2457 juvant
417 2392 506 2451 umbrae
523 2407 529 2441 ε
547 2404 614 2459 grata
629 2390 656 2442 fit
671 2392 733 2442 unda
751 2392 800 2441 siti.

205 2466 239 2517 Et
251 2466 326 2531 pudet
338 2498 345 2524 ,
358 2465 471 2515 &dicam
485 2465 628 2519 :Venerem
639 2481 735 2533 quoque
745 2463 820 2533 junge
830 2461 905 2533 ligurd
918 2496 926 2521 ,

242 2538 299 2603 Qud
313 2537 410 2588 minime
428 2538 515 2607 jungi,
532 2539 628 2606 quique
646 2542 735 2591 decere
749 2537 836 2609 potest.

206 2614 262 2663 Nec
276 2612 348 2661 labor
366 2610 465 2661 efficere
482 2612 516 2661 est
531 2628 538 2661 ε
555 2629 615 2661 rarae
629 2615 674 2663 sibi
690 2630 749 2664 vera
765 2613 892 2662 iatenurrz

243 2683 276 2731 Et
293 2684 351 2732 nihil
368 2683 420 2741 est,
439 2684 503 2748 quod
520 2683 544 2734 le
563 2684 698 2734 dedecuisse
715 2695 812 2749 putent.
929 2696 984 2743 410

207 2758 280 2809 Tunc
298 2754 370 2804 etiam
385 2753 461 2820 jubeo
476 2768 541 2806 totas
557 2756 652 2820 aperire
670 2756 804 2814 fenestras,

244 2828 385 2895 Turpiaque
403 2827 499 2878 admisso
515 2830 621 2878 membra
637 2841 723 2880 notare
739 2829 789 2878 die.

209 2903 264 2962 At,
284 2902 353 2953 simul
371 2901 400 2949 ad
416 2913 492 2951 metas
507 2900 575 2950 venit
590 2899 656 2951 finita
671 2901 803 2967 voluptas,

245 2976 359 3041 Lassaque
377 2971 430 3023 etim
446 2974 500 3024 toti
515 2991 618 3039 corpora
635 2987 717 3025 mente
733 2975 836 3041 jacenta

212 3049 278 3100 Dum
292 3050 376 3115 piget,
397 3048 421 3099 δι
439 3050 528 3098 nullam
545 3049 613 3097 malis
629 3047 731 3117 tetigisse
747 3047 872 3116 puellam,
932 3060 984 3109 415

251 3120 416 3190 Tatlurusque
434 3122 478 3174 tibi
495 3139 544 3174 non
561 3122 659 3175 videare
676 3124 736 3182 diu;

812 3211 879 3289 Myj
