2392 3892
133 400 185 3444 Ι

371 460 419 534 32
469 439 509 505 P.
539 438 724 509 Orruit
749 440 972 513 NAsours

370 558 437 609 Pone
453 559 539 617 Deos,
559 561 585 610 &
602 578 654 625 quae
671 562 793 628 tangendo
811 562 875 612 sacra
892 567 1026 631 profanas:

308 647 358 701 130
406 633 464 681 Non
482 634 545 682 bene
562 633 671 683 coelestes
689 634 760 699 impia
779 636 863 685 dextra
882 639 951 688 colit.

369 704 395 755 si
412 718 440 755 tu
459 708 538 756 cultor
556 707 713 772 eraselapsis
726 708 781 775 igne
798 708 912 769 futurus,

406 778 511 829 Poeuitet
532 780 625 845 elapsos
642 780 735 847 ignibus
752 781 798 831 effe
816 782 897 833 Deos.

369 851 480 902 Forsitan
497 853 523 903 ὃ(
538 853 659 921 gravidam
669 853 754 913 Dido,
767 855 883 906 scelerate
897 889 905 914 ‚
920 858 1044 925 relinquas
1052 877 1063 923 ς

406 925 512 993 Parsque
531 928 567 976 tui
583 929 657 977 lateat
678 944 782 993 corpore
802 930 880 978 clausa
899 947 965 981 meo.

309 1004 356 1057 135
370 999 481 1049 Accedet
496 1001 546 1049 fato
563 1001 644 1048 matris
656 1000 792 1050 miserabilis
804 1002 881 1051 infans
897 1019 906 1060 3

408 1073 439 1121 Et
447 1073 552 1127 nondum
567 1084 626 1121 nato
636 1072 727 1121 funeris
739 1074 822 1123 auuor
833 1075 888 1124 eris.

372 1144 481 1209 Cumque
498 1155 597 1210 parente
615 1143 656 1193 sua
668 1146 744 1195 frater
759 1147 876 1197 morietur
887 1147 955 1207 liili;

408 1217 529 1282 Poenaque
542 1234 666 1268 connexos
684 1218 779 1268 auferet
797 1236 845 1270 una
863 1221 934 1270 duos.

372 1290 421 1340 Sed
437 1288 505 1354 jubet
523 1290 560 1340 ire
579 1292 672 1341 Deus:
690 1293 779 1341 vellem
794 1293 905 1343 vetuisset
922 1295 1010 1354 adire,

309 1373 361 1421 140
409 1362 497 1413 Punica
514 1381 559 1415 nec
574 1366 677 1415 Teucris
693 1365 767 1431 pressa
785 1367 864 1417 fuiffet
877 1365 974 1417 humus.

372 1437 429 1487 Hoc
447 1438 523 1496 duce,
540 1455 627 1503 nempe
645 1438 721 1497 Deo,
737 1440 815 1488 ventis
830 1440 925 1506 agitaris
937 1440 1046 1507 iniquis,

409 1511 440 1559 Et
456 1512 515 1561 teris
527 1512 550 1560 in
572 1511 655 1576 rapido
671 1523 782 1576 tempora
798 1513 871 1579 longa
886 1513 961 1563 freto.

373 1582 487 1651 Pergama
504 1586 544 1635 vix
561 1596 631 1634 tanto
646 1585 690 1633 tibi
707 1598 775 1635 erant
791 1586 924 1651 repetenda
937 1587 1021 1637 labore
1037 1622 1049 1648 ,

409 1657 522 1706 Heffore·
533 1656 553 1706 si
566 1657 642 1715 vivo,
661 1669 749 1724 quanta
767 1658 851 1717 fuere,
864 1658 954 1709 forent.

310 1741 358 1790 145
372 1730 429 1780 Non
443 1730 545 1795 patrium
563 1729 686 1779 Simoenta
701 1730 785 1795 petis;
805 1730 846 1783 sed
864 1731 977 1798 Tybridis
994 1732 1064 1783 unda:

409 1804 520 1869 Nempe,
532 1815 559 1853 ut
575 1803 703 1868 pervenias
719 1801 767 1869 qud
782 1806 868 1870 cupis,
881 1805 968 1870 hospes
988 1806 1046 1857 cris.

373 1877 457 1942 thue
475 1878 552 1935 latet,
570 1876 677 1943 vitatque
694 1889 748 1928 tuas
763 1876 864 1928 abstrusa
881 1878 990 1936 carinas,

409 1949 458 2002 Vix
472 1949 516 1999 tibi
534 1950 660 2017 continget
673 1962 738 2001 terra
752 1951 828 2018 petita
842 1950 901 2003 seni.

373 2020 427 2073 Hos
440 2023 519 2089 potius
534 2025 639 2089 populos
653 2024 678 2073 in
694 2025 793 2085 dotem,
809 2028 908 2095 ambage
925 2024 1015 2076 remissa
1029 2059 1040 2086 ,

311 2096 362 2146 150
409 2095 518 2162 Accipe,
541 2097 567 2147 ὃ(
583 2096 694 2147 advefias
705 2093 866 2166 P‘ygmalionis
882 2116 953 2165 opes.
1012 2151 1016 2159 ,

373 2169 435 2219 Ilion
454 2171 478 2219 in
494 2170 593 2239 Tyriam
612 2171 717 2222 transfer
733 2172 827 2223 felicius
845 2173 929 2223 urbem
945 2188 953 2223 ε
999 2211 1005 2219 .

409 2244 527 2310 Hancque
539 2279 546 2303 ,
558 2247 639 2295 locum
656 2246 740 2313 regni,
753 2245 893 2312 sceptraque
911 2246 993 2304 sacra,
1012 2258 1064 2298 tent

372 2316 397 2367 si
412 2318 454 2367 tibi
467 2334 534 2367 mens
551 2318 620 2367 avida
637 2318 669 2368 ess
688 2319 764 2376 belli,
783 2319 804 2368 si
822 2318 905 2383 quaerir
916 2316 1000 2376 lidus,

409 2390 481 2440 Unde
500 2389 542 2440 suo
563 2404 644 2455 partus
662 2390 744 2446 Marte
762 2390 896 2456 triumphus
910 2402 950 2438 eat
969 2407 977 2446 ;

311 2463 359 2511 155
374 2462 454 2526 Quem
471 2463 584 2528 superet,
597 2480 629 2512 ne
646 2464 702 2529 quid
716 2449 795 2520 desit,
807 2462 966 2527 praebebimus
979 2463 1064 2515 hofien

410 2536 456 2585 Hic
474 2537 538 2601 pacis
552 2537 619 2604 leges
636 2569 644 2594 ,
664 2536 703 2585 hic
719 2537 788 2586 focus
807 2552 872 2583 anna
890 2535 962 2600 capit.

373 2610 413 2660 Tu
427 2608 500 2659 modo
511 2644 518 2669 ,
537 2628 581 2677 per
596 2622 712 2667 matrem,
730 2608 882 2675 fraternaque
891 2612 941 2662 tela
952 2645 960 2669 ‚
971 2610 1064 2677 sagittas

410 2683 504 2749 Perque
521 2684 583 2751 fugae
603 2683 721 2738 comites,
739 2682 853 2733 Dardana
870 2682 953 2742 sacra,
972 2685 1043 2733 Deos

375 2755 385 2821 (
396 2757 435 2807 Sic
450 2758 579 2824 superent,
590 2771 754 2822 quoscumque
763 2754 804 2806 tui
814 2756 844 2806 de
855 2771 928 2824 gente
937 2772 1049 2826 reportes
1061 2791 1064 2817 2

312 2821 360 2872 160
410 2830 476 2880 Mars
495 2832 560 2881 ferus
582 2830 608 2880 St
625 2830 714 2880 damnis
730 2830 762 2880 sit
779 2831 864 2881 modus
881 2831 922 2880 iile
941 2832 1009 2889 tuis,

373 2902 537 2969 Ascaniusque
555 2904 610 2953 suos
628 2904 732 2954 feliciter
751 2906 848 2969 impleat
864 2920 940 2952 annos
958 2936 966 2960 ,

411 2976 441 3025 Et
458 2977 519 3025 senis
538 2976 649 3026 Anchisae
658 2978 771 3026 molliter
781 2976 828 3025 offa
843 2976 956 3039 cubent)
1026 2995 1028 2998 ·

374 3046 449 3099 Parce
466 3065 554 3115 precor
571 3050 670 3108 domui,
686 3065 740 3115 quae
751 3048 775 3097 se
785 3048 829 3097 tibi
839 3048 911 3097 tradit
919 3047 1064 3100 habendam.

412 3120 485 3185 Quod
505 3122 595 3173 crimen
613 3122 689 3180 dicis,
707 3132 797 3189 pretor
814 3120 918 3180 amasse,
935 3119 1045 3172 meum?
