2392 3892
420 463 685 530 ·VtrA.
822 477 824 484 ·
927 454 964 529 ix

193 630 213 667 n
228 601 307 663 nulla
322 596 443 679 insignia
460 595 524 656 sunt
539 598 700 669 orationis,
717 588 781 676 qu'ae
798 614 859 656 non
878 595 967 655 inve-

197 699 329 783 nstigata
357 712 406 757 aut
437 699 601 779 conquisita
626 697 745 758 fuerint.
766 719 786 753 n
810 694 852 753 Hi
875 697 963 776 porrb

194 804 259 865 libri
284 800 348 861 sunt
371 798 465 878 prima
490 818 575 860 venae
597 795 755 860 Ovidianae
779 790 967 873 specimina,

193 902 382 980 inchoatique
412 917 491 957 anno
514 898 605 955 aetatis
629 898 725 976 primo
756 894 789 955 δι
811 896 966 958 vicesimo.

195 1000 329 1071 Corinna
358 1012 489 1069 autem,
519 993 577 1054 illic
607 993 682 1055 adei>
712 992 885 1068 decantata,
914 1013 963 1055 aut

189 1103 297 1183 ,poetae
311 1093 400 1156 nostri
411 1092 485 1156 fetus
497 1094 560 1171 est,
581 1114 655 1172 aut,
677 1098 701 1157 si
714 1116 746 1157 re
758 1094 830 1157 veri
842 1092 964 1168 exstitit,

193 1220 330 1282 quaenam
358 1196 474 1270 fuerit,
502 1217 540 1257 ne
558 1197 662 1278 viginti
684 1198 803 1279 quidem
822 1192 890 1278 post
911 1216 967 1254 an-

191 1320 273 1374 uoS,
298 1299 433 1379 cuiquam
456 1298 631 1356 innotuerat.
656 1294 727 1356 Non
738 1298 821 1380 ⁸Julia
841 1294 966 1380 Augusti

194 1397 279 1474 filia,
306 1398 345 1469 ad
367 1417 455 1478 quam
484 1397 561 1456 certe
577 1393 707 1494 'venisset
728 1402 841 1478 poeta,
874 1419 964 1481 quum

196 1497 302 1562 Ovidii
329 1495 459 1557 Corinna
488 1495 524 1556 ad
555 1494 649 1579 ipsum
678 1496 837 1559 ventitaret
865 1517 873 1556 z
902 1518 964 1557 non

195 1600 269 1664 Julia
292 1597 417 1682 Augusti
440 1601 567 1680 neptis,
594 1620 660 1681 quae
681 1619 771 1680 quum
797 1596 853 1660 hos
877 1598 965 1659 libros

194 1703 288 1783 polita
306 1698 469 1774 scriberet,
493 1696 627 1758 nondum
645 1714 713 1758 nata
730 1714 802 1758 erat.

235 1797 291 1861 Ill.
311 1797 362 1860 Da
379 1797 455 1859 Arte
473 1796 603 1859 Amandi
619 1797 709 1858 libros
728 1810 810 1873 tres,
830 1796 965 1881 elegiacis

196 1898 326 1962 versibus
345 1897 454 1979 scripsit
474 1920 550 1957 anno
571 1896 612 1956 U.
634 1894 672 1956 C.
689 1914 853 1958 neem.
874 1902 966 1959 aetatis

197 2017 293 2063 autem
316 2016 397 2058 xm.
420 1994 506 2077 Opus
530 1998 635 2056 ceteris
654 1995 787 2077 ejusdem
809 2018 895 2061 venae
916 2005 964 2060 ni-

196 2103 256 2165 hili>
273 2100 402 2162 inferius.

236 2198 299 2261 IV.
320 2198 519 2260 Remota
548 2196 668 2260 Amoris
694 2197 804 2277 scripsit
834 2219 897 2260 non
928 2202 968 2260 ita

196 2301 291 2364 mtrlto
307 2297 375 2382 post
396 2296 513 2359 Artem.
776 2324 784 2358 r

236 2400 277 2461 V.
299 2400 329 2461 N
337 2420 360 2462 u
369 2420 389 2462 c
398 2419 416 2462 a·
426 2419 475 2475 M,
490 2400 610 2460 ineunte
623 2396 836 2472 adolescentia,
849 2398 967 2462 videtur

195 2498 332 2583 scripsisse
350 2523 358 2564 ι
377 2504 408 2563 in
426 2523 461 2563 ea
480 2502 592 2583 aperuit
610 2516 733 2583 quantus
757 2506 847 2584 pocta
864 2502 967 2587 postea

195 2597 307 2661 futurus
328 2599 409 2663 esset.

235 2699 297 2762 v1.
318 2697 659 2765 Murauouuuosaou
673 2704 737 2763 sive
752 2702 969 2766 transmutatio·

195 2820 265 2860 num
289 2800 357 2860 libri
379 2820 443 2863 xv.
465 2805 592 2866 carmine
612 2805 735 2866 heroico
757 2803 875 2885 scripti:
891 2828 966 2888 quos

197 2905 291 2983 quia,
321 2923 411 2985 quum
439 2907 616 2989 relegaretur
645 2906 801 2980 Tomim,
831 2905 965 2966 nondum

197 3004 429 3080 emendaverat,
442 2997 536 3068 'iratus
556 3004 677 3081 studiis,
696 3003 745 3065 suit
769 3025 857 3064 manu
877 3026 966 3065 com-

195 3101 288 3163 bussit
308 3125 315 3163 :
335 3103 497 3186 descriptos
515 3108 589 3167 verb
613 3123 698 3166 antea
717 3103 844 3184 pluribus
863 3122 968 3163 exem-

194 3202 277 3287 plis,
294 3204 418 3270 auomn
436 3224 505 3268 cura
521 3204 660 3270 servavit.
679 3228 698 3265 n
717 3200 753 3264 ln
767 3200 873 3278 ¹<livino
896 3202 969 3262 Me·
