2392 3892
393 327 469 425 276
519 326 1010 401 OVrDrrNArours

365 451 435 502 Tunc
444 448 523 498 animo
533 447 614 515 signa,
624 447 792 514 quodcumque
800 446 824 495 in
835 463 942 514 corpore
951 452 1068 504 mendae

427 521 575 587 Luminaque
592 521 616 572 in
631 520 695 570 vitiis
710 520 773 571 illius
789 536 866 585 usque
882 533 953 572 tene.

365 594 536 644 Forsitanhaec
546 593 646 658 aliquis,
656 610 710 641 nam
718 592 771 642 sunt
781 609 896 659 quoque,
906 612 982 661 parva
990 602 1068 649 vocab

328 683 382 727 420
429 667 497 723 Sed,
514 684 566 733 quae
579 682 629 714 uon
641 665 740 730 prosunt
753 665 864 732 singula,
882 669 960 718 muita
972 668 1068 734 juvant.

392 739 469 789 Parva
484 752 559 793 necat
572 738 650 788 morsu
665 739 791 803 spatiosum
806 738 891 803 vipera
908 752 1023 795 taurum:

431 812 454 862 A
471 830 531 863 caue
547 829 597 860 non
612 829 700 879 magno
716 811 777 876 saepe
793 823 893 861 tenetur
908 830 979 878 aper.

392 884 432 934 Tu
446 884 537 934 tantdm
551 901 653 934 numero
669 901 765 950 pugna3
785 896 957 952 praeceptaque
973 887 999 936 in
1015 906 1068 940 untu

430 958 576 1009 contrahe:
594 959 624 1007 de
639 959 719 1006 multis
735 957 829 1024 grandis
846 974 951 1009 acervus
969 961 1027 1011 erit.

330 1043 381 1094 425
392 1029 441 1079 Sed
454 1031 565 1096 quoniam
580 1047 662 1079 mores
676 1029 797 1088 totidem,
812 1030 968 1098 totidemque
983 1033 1064 1102 figure

427 1103 485 1151 Non
500 1102 553 1151 sunt
568 1099 663 1168 judiciis
680 1103 760 1152 omnia
777 1103 853 1151 danda
868 1104 940 1154 meis.

392 1173 451 1238 Quo
466 1187 508 1224 tua
524 1191 574 1225 non
590 1175 686 1241 possunt
702 1174 792 1225 offendi
806 1175 906 1240 peoora
922 1177 1012 1238 satin

428 1248 539 1299 Forsitan
553 1249 621 1307 hoc,
637 1248 686 1298 alio
699 1247 798 1313 judice,
817 1249 909 1298 crimen
924 1252 986 1301 erit.

391 1321 455 1380 tlte,
473 1322 538 1388 quod
556 1322 671 1372 obscenas
689 1320 713 1370 in
729 1333 815 1386 aperto
830 1338 936 1387 corpore
952 1337 1039 1390 partes

281 1386 283 1390 ’
330 1407 383 1458 430
428 1395 552 1453 Viderat;
568 1395 594 1453 in
612 1395 680 1445 cursu
695 1394 735 1460 qui
749 1394 813 1452 suit,
831 1395 904 1445 haesit
918 1413 1013 1449 amor:

392 1468 438 1516 Ille
453 1469 537 1533 quod,
556 1468 690 1519 aVeueris
707 1468 779 1517 rebus
796 1467 909 1534 surgente
924 1470 1030 1535 pueltt,

428 1540 498 1590 Vidit
514 1542 538 1589 in
553 1541 674 1590 immundo
691 1541 758 1606 signa
773 1540 884 1605 pudenda
900 1554 970 1594 toro.
996 1542 1002 1554 ’

396 1612 489 1664 Luditis
506 1611 521 1662 ὃ
537 1612 543 1660 !
561 1613 581 1662 si
598 1631 659 1679 quos
675 1625 808 1677 potueruut
824 1612 867 1662 ista
881 1631 1007 1676 movere3

412 1685 544 1736 efflatam
559 1687 648 1753 tepide
664 1685 762 1753 pestora
778 1684 855 1736 vestra
871 1686 949 1738 faces.

329 1770 379 1820 435
392 1759 506 1809 Attrahet
522 1760 563 1808 ille
579 1777 641 1825 puer
656 1771 785 1810 contentos
801 1757 887 1810 sortitis
902 1778 998 1822 arcun

427 1830 512 1897 Saucia
529 1830 648 1895 majorem
659 1833 729 1881 turba
744 1832 832 1898 petetis
849 1848 933 1898 opem.

390 1900 480 1967 Quid?
496 1903 536 1970 qui
551 1904 611 1952 clam
626 1904 695 1955 latuit
710 1905 828 1954 reddente
843 1905 1068 1974 obscena'puelidr

424 1976 457 2025 Et
472 1976 550 2036 vidit,
569 1995 622 2042 quae
639 1994 690 2028 mos
705 1979 754 2044 ipse
772 1978 856 2028 videre
873 1978 968 2029 vetat?

389 2048 423 2099 Di
439 2050 543 2107 melius-,
561 2054 630 2116 quim
647 2068 691 2101 nos
708 2066 846 2101 moneamus
861 2053 919 2101 talia
936 2071 1068 2122 quemquam

326 2137 379 2184 440
425 2122 461 2174 Ut
476 2124 587 2189 prosint,
606 2141 654 2173 non
671 2124 723 2173 sunt
737 2125 884 2188 experienda
900 2138 995 2178 tamen.

388 2195 482 2263 Hortor
500 2196 545 2255 dt,
565 2209 592 2246 ut
608 2198 698 2262 pariter
714 2198 780 2245 binas
794 2198 903 2247 habeatis
920 2202 1036 2260 amiran

423 2269 520 2319 Fortior
535 2270 587 2329 est,
607 2271 689 2336 plures
706 2270 726 2319 si
744 2270 795 2335 quis
812 2271 902 2320 habere
919 2275 1013 2336 potest.

386 2340 456 2390 Setia
472 2341 604 2407 bipartitd,
623 2342 675 2392 crim
691 2361 758 2392 mens
776 2343 885 2393 discurrit
900 2357 1030 2414 utroque,

423 2413 531 2462 Alterius
548 2415 614 2464 vires
630 2415 745 2465 subtrahit
761 2417 822 2466 alter
838 2434 916 2467 amor.

323 2501 374 2549 445
388 2484 495 2536 Grandia
511 2504 554 2552 per
571 2488 660 2538 multos
676 2501 805 2538 tenuantur
822 2490 922 2539 flumina
941 2491 1031 2552 rivos;

423 2559 557 2627 Castaque,
576 2560 673 2612 sedutto
690 2563 787 2628 stipite,
804 2562 897 2611 flamma
914 2566 990 2628 perit.

385 2635 443 2683 Non
458 2634 512 2685 satis
527 2651 573 2684 una
590 2647 658 2684 tenet
673 2648 765 2685 ceratas
782 2637 888 2685 anchora
904 2654 1026 2703 puppes;

421 2709 478 2758 Non
495 2709 549 2758 satis
566 2707 600 2757 est
618 2709 711 2774 liquidis
728 2709 811 2758 unicus
826 2710 909 2758 hamus
930 2713 1012 2777 aquis.

319 2797 322 2802 ’
386 2777 436 2841 Qui
452 2781 496 2829 sibi
510 2779 556 2845 jam
573 2781 666 2846 pridem
683 2783 767 2831 solatia
783 2781 838 2831 bina
856 2785 972 2847 paravit,

322 2862 374 2907 450
422 2852 579 2919 Iampridem
595 2853 683 2904 summai
699 2856 774 2904 vidior
790 2856 814 2904 in
831 2873 888 2905 arce
905 2857 962 2907 suit.

382 2920 417 2969 At
431 2926 490 2982 tibi,
508 2926 547 2990 qui
564 2926 666 2978 dominae
682 2930 756 2979 fueris
774 2928 835 2978 meld
853 2929 962 2980 creditus
980 2930 1046 2991 uni,

419 2995 490 3046 Nunc
505 2998 587 3049 saltem
604 3019 681 3055 novus
698 3002 730 3053 est
747 3002 906 3056 inveniendus
924 3020 1008 3060 amot·
