2392 3892
277 437 563 508 Ηειιοιυεε.
592 438 666 510 ΕΡ.
692 437 821 509 XVn·
850 461 901 533 79

188 559 258 608 Nunc
270 558 329 608 mihi
340 558 372 607 nil
382 556 500 624 superest,
511 557 608 615 uisite,
621 557 741 615 formosa,
752 559 845 623 precari
857 577 866 618 ς

225 630 391 698 Amplectique
400 642 474 690 tuos,
485 630 505 681 si
513 630 621 697 patiare,
632 630 718 696 pedes.
911 646 964 693 270

190 703 213 752 0
224 706 299 755 decus
312 702 318 753 !
330 703 345 753 ὂ
357 703 459 770 presens
468 704 620 772 geminorum
630 703 707 771 gloria
716 703 836 755 fratrum!

225 777 249 827 0
260 776 274 829 J
277 794 325 826 ove
336 777 406 845 digna
414 777 468 826 viro
478 811 486 836 ,
495 777 520 826 ni
534 776 597 829 Jove
611 789 666 826 nata
676 777 742 827 fores
756 774 763 825 Ι
848 807 851 815 ·

189 852 238 897 Aut
249 867 299 917 ego
311 850 396 918 Sigeos
406 862 532 914 repetam,
543 862 568 899 te
579 849 684 917 conjuge
695 883 702 908 ,
713 862 818 915 pertusa

224 920 277 971 Aut
288 939 337 989 ego
348 921 460 970 Taenarii
468 934 584 990 contegar
593 923 657 974 exsul
667 924 751 973 humo.

188 995 246 1044 Non
258 1012 314 1043 mea
324 994 377 1044 sunt
387 994 569 1063 stimmixleviter
579 994 677 1047 districh
687 994 775 1065 [agitti
912 1011 961 1060 275

224 1066 331 1115 Petlora
342 1082 349 1116 :
360 1067 478 1117 descendit
487 1071 575 1120 vulnus
583 1070 613 1119 ad
624 1069 672 1121 offa
680 1087 769 1119 meum.

187 1140 249 1189 Hoc
260 1138 332 1198 milri,
345 1136 357 1203 (
365 1157 417 1190 nam
426 1156 510 1209 repeto
520 1144 532 1211 )
544 1143 598 1194 fore
608 1157 635 1193 ιιι
646 1162 659 1193 a
670 1143 767 1195 coeleste
778 1142 865 1212 sagitt&

225 1212 317 1280 Figat,
330 1226 383 1263 erat
396 1231 471 1264 verax
482 1216 613 1266 vaticinata
622 1216 699 1267 soror.

188 1283 263 1336 Parce
275 1285 441 1343 datumfatis,
450 1286 564 1344 Helene,
575 1299 733 1337 contemnere
741 1306 864 1340 amorem·

224 1358 264 1408 Sic
274 1359 367 1408 habeas
378 1357 480 1406 faciles'
474 1374 500 1405 m
508 1368 549 1406 tua
559 1368 618 1405 vota
625 1357 705 1406 Deos.
913 1361 965 1411 280

189 1431 271 1481 Multa
284 1430 383 1497 quidem
393 1429 512 1489 subeunt3
522 1428 563 1479 sed
572 1444 655 1478 coram
666 1442 693 1480 ut
703 1430 771 1497 plum
780 1432 922 1498 loquemur,

223 1493 321 1569 Excipe
332 1520 371 1553 me
379 1502 462 1562 tecto,
471 1502 543 1553 noste
553 1502 644 1554 silente
653 1534 661 1561 ,
671 1514 726 1553 tuo

188 1578 225 1627 Αιι
235 1574 333 1644 pudet?
345 1578 371 1628 δι
382 1577 468 1626 metuis
475 1577 601 1629 Venerem
610 1587 729 1627 temerare
738 1575 867 1635 maritam,

225 1650 344 1717 Castaque
355 1649 456 1717 legitimi
467 1648 568 1699 fallere'
561 1666 615 1714 jura
625 1646 695 1699 tori?

188 1723 226 1772 Ah
241 1722 247 1771 !
261 1724 359 1772 nimium
368 1724 469 1787 simplex
478 1756 486 1781 ,
496 1722 609 1782 Helene,
619 1738 650 1773 ne
660 1721 744 1773 rustica
755 1722 848 1775 dicam:
915 1723 947 1774 28
951 1737 964 1788 5

226 1795 297 1845 Hanc
309 1796 396 1845 faeiem
407 1796 478 1862 culpi
487 1794 553 1863 polle
563 1812 647 1847 carere
658 1808 727 1862 putat
739 1794 750 1845 ἒ

189 1868 240 1917 Aut
250 1868 337 1917 faciem
345 1879 441 1929 mutes,
453 1882 494 1920 eut
505 1870 537 1919 sis
548 1886 597 1919 non
609 1869 681 1930 dura,
695 1868 791 1922 necesse
801 1869 846 1923 est.

227 1941 266 1991 Lis
276 1942 308 1991 est
318 1958 372 1992 cum
383 1942 551 2012 formismagna
561 1943 692 2009 pudicitiae.

190 2014 302 2084 luppiter
310 2015 347 2065 hir
355 2015 444 2084 gaudet
453 2049 461 2076 ,
473 2017 561 2083 gaudet
570 2016 657 2068 Venus
665 2033 737 2068 aurea
746 2016 817 2068 funis
827 2033 836 2069 a

227 2087 286 2137 Haec
295 2088 338 2138 tibi
347 2105 434 2155 nempe
445 2102 538 2155 patrem
549 2090 614 2139 furta
623 2089 713 2140 dedere
722 2089 821 2141 lovem.
910 2100 965 2151 290

189 2160 238 2211 Vix
248 2159 317 2219 lieri,
331 2162 351 2211 si
365 2161 420 2210 sunt
430 2163 493 2210 vires
502 2161 528 2209 in
538 2160 627 2210 lemine
636 2177 738 2211 avorum
749 2192 759 2218 ,

227 2234 258 2282 Et
267 2232 281 2285 J
283 2232 336 2283 ovis
349 2232 375 2283 &
385 2230 459 2282 Ledae
470 2230 517 2281 filia
527 2263 536 2290 ,
546 2231 607 2281 easta
617 2244 698 2297 potet.

192 2306 257 2355 Casta
269 2318 351 2355 tamen
360 2316 411 2354 tum
420 2304 468 2364 sis,
479 2302 533 2354 cum
541 2316 568 2354 te
580 2320 632 2354 mea
643 2302 720 2369 Troja
729 2302 841 2363 tenebit,

225 2378 256 2429 Et
266 2391 307 2428 tua
317 2378 361 2429 sim
368 2377 484 2445 ,quaeso,
497 2377 595 2430 crimina
606 2377 669 2429 solus
678 2393 737 2445 ego.

191 2452 260 2502 Nunc
271 2468 300 2502 ea
310 2467 442 2538 peccemus
448 2484 456 2511 ,
464 2469 517 2519 quae
528 2452 634 2521 corrigat
642 2452 703 2502 hora
710 2449 820 2518 jugalis·
811 2482 821 2510 ,
910 2464 963 2517 295

226 2524 251 2573 Si
264 2522 337 2575 modo
345 2526 455 2590 promisit
464 2543 514 2578 non
522 2525 579 2576 mihi
589 2543 650 2575 vana
660 2526 755 2576 Venus.

191 2596 240 2647 Sed
249 2598 294 2649 tibi
308 2599 334 2649 &
343 2599 391 2650 hoc
402 2599 485 2650 suadet
492 2601 564 2650 rebus
572 2632 580 2657 ,
589 2616 639 2650 non
647 2615 711 2648 voce
719 2631 728 2657 ,
737 2597 855 2650 marines·
847 2633 856 2648 .

226 2672 298 2721 Neve
309 2671 344 2720 sui
354 2672 423 2722 furtis
433 2672 533 2737 hospitis
542 2672 639 2730 obstet,
652 2671 728 2720 abest.

191 2744 247 2794 Non
258 2742 344 2794 habuit
353 2753 462 2807 tempus,
474 2760 522 2807 quo
535 2742 633 2794 Cressia
643 2760 719 2810 regne
728 2740 840 2800 videret,

227 2816 316 2882 Aprilis
331 2829 339 2864 τ
350 2813 433 2863 <imita
442 2814 574 2864 calliditate
584 2815 662 2864 virum
673 2814 681 2863 l
913 2827 967 2882 300

227 2962 317 3011 Curam
329 2977 374 3027 pro
383 2961 453 3010 nobis
465 2958 564 3027 hospitis
574 2992 582 3018 ,
592 2976 670 3018 uxor,
681 2976 748 3028 agas.

191 3034 303 3102 Negligis
313 3034 431 3094 absentis,
444 3033 534 3090 testor,
546 3032 656 3084 mandata
664 3034 761 3086 mariti:

229 3105 295 3155 Cura
307 3108 351 3159 tibi
361 3124 411 3161 non
421 3107 454 3160 est
462 3108 563 3175 hospitis
572 3108 621 3167 ulla
629 3108 675 3159 tui.
788 3182 846 3232 mv
