2392 3892
276 431 323 482 ro
379 409 421 480 P.
449 407 635 479 Orrnrr
662 409 884 480 Nasonrs

270 531 319 581 Sed
331 528 384 579 data
395 547 462 588 sum,
474 529 528 597 quia
541 530 616 579 danda
629 530 663 579 sui
675 546 682 579 ι
695 543 733 580 tot
744 532 853 582 notlibus
863 532 963 594 absum,

306 606 361 653 Nec
370 618 470 669 repetor
484 619 491 654 ι
504 603 576 653 cessas
587 635 596 662 ‚
607 604 689 669 iraque
700 604 765 652 lenta
775 617 816 655 tua
828 606 870 655 esi.

269 677 324 745 lpse
334 678 513 735 Menoetiades,
528 688 587 726 tunc
601 674 655 725 crim
663 677 777 726 tradebat
787 710 795 734 ,
806 678 830 726 in
841 694 942 739 aurem,

307 749 374 814 Quid
385 750 428 800 iles
439 748 449 797 i
461 748 501 798 hic
510 766 586 815 parvo
596 761 726 815 tempore,
738 750 814 808 dixit,
826 751 883 801 eris.

225 839 258 887 25
271 824 328 873 Non
339 822 450 890 repetisse
459 840 542 889 parum
552 821 586 873 esi
596 838 603 872 ε
616 839 707 890 pugnas
717 839 748 872 ne
758 823 860 883 reddar,
871 824 981 882 Achille.

307 898 318 947 1
330 913 408 955 nunc,
421 896 536 961 &cupidi
547 911 636 945 nomen
646 897 746 946 amantis
757 897 826 945 habe.

269 970 399 1028 Venerunt
409 970 438 1018 ad
447 982 473 1020 te
484 970 620 1018 Telamone
631 969 657 1018 dr
667 968 803 1035 Amyntore
814 968 882 1028 nati3

307 1042 319 1108 (
332 1045 375 1093 ille
387 1042 461 1111 gradu
472 1042 571 1107 propior
582 1041 717 1109 sanguinis,
729 1043 769 1091 ille
781 1058 862 1093 comes
873 1060 881 1094 ε
892 1044 905 1112 )

268 1116 402 1181 Lae'rtique
412 1114 474 1164 satus
487 1132 496 1172 ;
511 1131 555 1180 per
566 1130 628 1180 quos
641 1114 753 1164 comitata
764 1115 878 1168 redirem.

223 1206 257 1260 30
305 1190 433 1240 Auxerunt
443 1187 536 1237 blandae
547 1186 644 1254 grandia
656 1186 719 1235 dona
727 1203 830 1252 preces:

268 1261 363 1330 Viginti
373 1261 453 1311 sulvos
463 1260 567 1327 operoso
578 1276 609 1309 ex
619 1277 667 1310 aere
677 1261 785 1319 lebetas,

305 1336 338 1386 Et
347 1334 455 1401 tripodas
467 1334 573 1402 septem,
586 1334 693 1400 pondere
706 1333 794 1385 &arte
805 1351 887 1401 pares·

268 1406 358 1460 Addita
370 1409 422 1459 sunt
436 1408 481 1458 iliis
492 1408 543 1458 auri
559 1408 594 1457 bis
605 1408 711 1473 quinque
721 1409 830 1468 talenta,

305 1484 345 1535 Bis
357 1482 412 1541 sex,
423 1480 506 1531 assueti
516 1482 615 1531 vincere
627 1480 735 1545 semper,
747 1481 821 1546 equi:

223 1571 237 1625 3
243 1573 256 1623 5
270 1556 393 1622 Quodque
404 1555 593 1620 supervacuum,
608 1551 685 1604 sormi
694 1552 818 1618 praestante
829 1556 917 1620 puellae

305 1629 420 1681 Lesbides
431 1661 439 1686 ‚
451 1627 536 1678 eversi
547 1643 649 1692 corpora
660 1638 729 1692 capta
740 1627 812 1677 domo
822 1644 830 1679 ι

268 1702 380 1769 Cumque
387 1714 425 1752 tot
432 1701 478 1759 his,
486 1698 540 1764 (sed
548 1716 597 1751 non
604 1716 665 1765 opus
671 1700 704 1749 esi
709 1700 753 1749 tibi
761 1699 878 1770 conjuge)
888 1700 979 1771 conjux

304 1776 341 1826 Ex
351 1774 547 1843 Agamemnoniis
559 1790 606 1823 una
617 1774 697 1840 puella
708 1773 793 1824 tribus.

268 1848 295 1900 Si
305 1850 349 1899 tibi
358 1850 387 1898 ab
398 1847 482 1898 Atrida
492 1846 571 1912 pretio
583 1846 722 1897 redimenda
732 1845 838 1905 fuissem,

221 1946 257 1997 40
305 1921 367 1986 Quae
379 1922 436 1971 dare
447 1920 564 1970 debueras
574 1953 583 1978 ,
592 1920 705 1984 accipere
714 1920 754 1969 illa
765 1918 861 1988 neges?

264 1994 325 2060 'Qui
338 1995 415 2044 merui
427 1992 499 2060 culpi
509 1991 562 2043 fieri
571 1993 614 2042 tibi
626 1993 678 2043 vilis
689 2026 697 2053 ,
709 1992 828 2044 Achille?

304 2066 363 2132 Quo
377 2068 437 2119 levis
449 2083 463 2116 a
478 2068 547 2117 nobis
559 2078 609 2116 tam
622 2064 672 2117 citd
686 2066 748 2133 sugit
759 2063 848 2116 amor?

266 2139 306 2193 An
320 2141 419 2192 mise‘ros
433 2139 503 2191 tristis
518 2141 625 2191 Fortuna
638 2140 758 2190 tenaciter
771 2137 865 2207 urgeri

302 2217 357 2267 Nec
368 2215 435 2266 venit
448 2214 551 2280 inceptis
563 2214 660 2264 mollior
672 2229 729 2264 aura
740 2212 819 2263 meisi

218 2304 236 2354 4
240 2306 252 2354 5
265 2287 354 2339 Diruta
367 2288 449 2339 Marte
461 2300 506 2337 tuo
517 2285 631 2355 Lyrnesia
642 2287 729 2336 moenia
740 2286 808 2335 vidit
852 2283 859 2296 ¹

302 2362 334 2411 Et
347 2361 438 2411 sueram
449 2360 533 2425 patriae
546 2376 600 2425 pars
614 2374 663 2426 ego
677 2375 761 2425 magna
775 2372 845 2408 meae.

264 2434 323 2490 Vidi
336 2451 384 2502 ego
397 2433 520 2484 consortes
529 2432 620 2498 pariter
634 2431 774 2498 generisque
786 2430 901 2497 necisque

301 2508 364 2557 Tres
374 2505 483 2557 cecidisse
495 2521 503 2555 s
515 2505 609 2563 trihus,
621 2520 674 2569 quae
683 2503 756 2560 mihi,
766 2514 842 2554 mater
853 2517 917 2560 erat.

264 2580 323 2636 Vidi
337 2597 400 2648 ego,
414 2590 517 2646 quantus
527 2589 596 2635 erat,
605 2576 681 2627 susum
692 2578 779 2626 tellure
790 2578 909 2641 cruenti,

216 2660 252 2714 50
301 2654 400 2705 Pesiora
410 2652 536 2720 jallantem
545 2650 739 2719 sanguinolenta,
751 2649 838 2703 virum.

262 2727 315 2780 Tot
323 2741 403 2779 tamen
414 2724 505 2778 amissis
516 2737 542 2775 te
554 2723 758 2790 conpensavimus
770 2740 862 2778 unum:

299 2802 340 2851 Tu
352 2802 462 2852 dominus
471 2834 481 2860 ,
490 2811 520 2851 tu
532 2800 584 2858 vir,
597 2809 626 2848 tu
637 2798 696 2849 mihi
708 2799 782 2849 frater
797 2816 859 2849 eras.

261 2872 302 2924 Tu
315 2874 389 2932 mihi,
406 2873 499 2939 juratus
514 2892 558 2941 per
572 2873 668 2923 numina
682 2872 770 2942 Manis
783 2870 898 2937 aquosae‚¹

298 2947 367 2997 Utile
381 2948 477 2998 dicebas
489 2948 539 3012 ipse
554 2947 620 2997 fuisse
634 2946 696 3012 capi.

133 3076 137 3085 ,
216 3016 231 3070 5
236 3020 248 3071 5
261 3021 361 3075 Scilicet
374 3034 420 3081 ut,
435 3021 541 3088 quamvis
555 3020 649 3072 veniam
664 3018 762 3075 dotata,
772 3016 901 3081 repellasg

296 3085 330 3152 Et
342 3109 437 3149 mecum
449 3093 544 3166 supas,
558 3109 612 3164 que
626 3090 671 3146 tihi
683 3091 788 3153 denno,
805 3105 880 3161 oper.
916 3143 919 3150 ,
