2392 3892
319 377 593 477 Hieromus
618 408 698 477 ΕΡ.
723 410 820 482 XX.
858 428 932 504 105

293 544 301 577 s
321 528 348 577 δε
363 526 483 585 Afieeon,
504 526 624 593 quondam
639 526 692 576 fera
706 527 811 580 creditus
828 529 894 589 illis,

288 599 311 650 fe
329 600 396 649 dedit
412 601 464 649 leto
481 617 535 650 cum
554 601 640 666 quibus
658 598 806 650 anteferas.

282 689 336 738 eque
351 671 568 738 fnperbaparens,
584 673 640 722 faxo
654 688 698 737 per
713 687 802 738 corpus
814 674 921 735 oborto,
943 689 993 741 105

277 746 333 794 lunc
349 762 447 811 quoque
464 745 602 812 Mygdonii
618 745 704 793 flebilis
720 744 796 794 exfiat
812 745 896 799 humo.

288 818 370 867 mihi!
389 816 521 883 Cydippe,
537 818 612 867 timeo
628 817 671 866 tibi
686 817 768 866 dicere
784 833 886 877 verum3

265 891 300 940 ‚fe
319 890 405 938 videar
424 888 497 938 causi
511 888 568 937 falfa
585 904 684 939 mouere
703 890 776 938 mei:

260 963 366 1012 cendum
376 973 457 1010 tamen
466 960 499 1010 est
509 977 516 1011 τ
527 961 582 1011 Hoc
594 960 644 1020 efl,
654 961 711 1012 mihi
721 962 794 1011 crede
800 995 809 1023 ,
821 963 961 1033 quodaegra

258 1034 318 1098 lpfo
337 1033 441 1083 nubendi
458 1046 568 1100 ternpore
586 1034 650 1101 faepe
665 1034 744 1101 jaces.
947 1051 997 1091 110

249 1105 337 1156 onfulit
351 1106 398 1172 ipfa
415 1107 479 1157 tibi:
496 1125 544 1157 neu
561 1108 593 1159 sis
608 1106 725 1173 perjura,
742 1108 860 1169 laborat,
905 1164 909 1173 ,

259 1179 292 1228 Et
309 1179 396 1228 salvam
413 1178 476 1230 falvi
488 1192 513 1231 te
532 1181 600 1245 cupit
614 1179 661 1231 effe
676 1179 735 1233 fide.

237 1253 281 1301 nde
297 1250 344 1311 fit,
361 1264 406 1312 ut,
425 1253 521 1318 quoties
535 1252 648 1303 exsistere
663 1251 754 1318 perfida
768 1265 868 1314 tentas,

257 1324 388 1375 Peccatum
404 1325 480 1389 toties
495 1324 601 1391 corrigat
618 1324 659 1373 illa
673 1336 749 1375 tuum.

226 1396 296 1448 Parce
311 1413 414 1449 movere
428 1398 494 1448 feros
507 1397 620 1448 animosae
635 1396 743 1466 Virginis
759 1414 848 1450 arcus:
942 1415 992 1465 115

257 1470 326 1521 Mitis
342 1471 421 1520 adhuc
439 1468 511 1531 fieri,
532 1471 553 1521 si
568 1470 681 1536 patiare,
697 1468 786 1536 potest.

221 1541 316 1601 Parce,
335 1559 444 1609 precor,
460 1555 559 1594 teneros
571 1560 727 1609 corrumpere
737 1542 844 1595 febribus
854 1554 919 1596 attus
931 1561 940 1599 r

258 1616 375 1666 Servetur
391 1616 465 1667 facies
481 1616 524 1667 iffa
538 1616 640 1668 fruenda
655 1617 722 1669 milri.

220 1688 355 1739 Serventur
370 1690 451 1739 vultus
464 1690 494 1739 ed
508 1689 586 1741 nostra
602 1690 712 1741 incendia
725 1689 796 1750 uati,

257 1760 356 1827 Quique
370 1761 445 1812 subest
459 1763 532 1814 niveo
546 1765 617 1813 laetus
631 1764 714 1815 inore
729 1765 815 1816 rubor.
941 1776 994 1816 120

221 1834 335 1885 Hostibus
352 1851 366 1884 c
382 1835 490 1901 siquis,
507 1854 538 1887 ne
554 1836 596 1887 fias
612 1836 709 1896 nostra,
727 1848 865 1905 repugnem

258 1906 299 1955 Sic
313 1908 363 1965 sit,
378 1921 422 1968 ut,
437 1909 539 1962 invalidi
554 1921 600 1970 te,
614 1910 676 1961 folet
693 1909 739 1960 effe
755 1911 823 1960 milri.

220 1979 352 2045 Torqueor
367 1998 398 2031 ex
414 1998 484 2048 aequo
498 2017 505 2042 ,
520 1985 561 2033 vel
578 1996 604 2033 te
622 1985 748 2041 nubente,
763 1985 804 2034 vel
818 1981 901 2048 aegrit

259 2052 351 2104 Dicere
366 2070 412 2103 nec
429 2054 519 2119 poffum
530 2057 615 2120 ,quid
631 2054 709 2105 mincis
723 2055 772 2119 ipse
787 2054 870 2103 velim.

221 2126 337 2176 Maceror
351 2126 491 2183 interdum,
507 2128 572 2192 quod
588 2128 632 2175 sim
643 2126 687 2175 tibi
701 2126 770 2173 caufa
785 2125 902 2182 dolendi3
944 2138 993 2188 125

260 2197 346 2264 Teque
364 2197 419 2247 mei
436 2198 490 2247 laedi
507 2198 638 2248 calliditate
655 2210 725 2263 puto.

223 2272 251 2321 ln
268 2283 340 2337 caput
355 2271 409 2322 haec
423 2270 526 2321 nofirum
544 2270 647 2321 dominae
661 2267 787 2336 perjuria,
807 2267 905 2334 quaeso,

261 2342 381 2395 Eveniant
397 2360 406 2395 t
422 2344 496 2410 poena
512 2356 566 2395 tuta
582 2343 614 2395 sit
628 2343 669 2393 illa
686 2340 749 2392 mei.

223 2418 264 2467 Ne
279 2428 360 2466 tamen
373 2417 501 2485 ignorem,
518 2418 574 2485 quid
590 2434 669 2487 agas;
684 2417 715 2467 ad
730 2412 811 2467 limina
825 2411 912 2467 crebtd

259 2488 353 2540 Anxius
369 2490 417 2540 huc
432 2492 489 2541 illuc
503 2492 680 2543 dissimulanter
696 2507 737 2541 eo.
945 2502 997 2554 130

223 2563 362 2629 Subsequor
379 2565 488 2613 ancillam
503 2564 584 2615 furtim
600 2566 764 2622 famulumve,
781 2561 907 2628 requirens
939 2599 941 2604 .

261 2634 401 2686 Profuerint
416 2634 490 2686 somni
504 2638 560 2702 quid
575 2638 639 2695 tibi,
661 2636 749 2703 quidve
766 2634 823 2683 cibi.

221 2706 268 2758 Me
278 2708 391 2760 miserum
404 2706 410 2755 !
424 2707 490 2773 quod
499 2724 549 2758 non
558 2710 707 2758 medicorum
716 2705 775 2772 jussa
783 2703 906 2765 ministro,

259 2779 405 2849 Effingoque
421 2795 525 2838 manus,
544 2780 687 2845 insideoque
703 2790 771 2828 toro.
994 2836 995 2840 Ἰ

223 2853 258 2904 Et
267 2854 348 2904 rursus
355 2852 466 2903 miserum
478 2852 485 2901 l
497 2853 580 2918 quod,
592 2869 632 2902 me
642 2851 729 2917 procul
736 2848 792 2900 inde
802 2863 914 2913 remoto,
945 2865 973 2919 13
980 2866 993 2917 ς

262 2926 344 2991 Quem
359 2927 456 2977 minime
470 2927 577 2987 vellem,
594 2924 698 2976 forsitan
711 2923 773 2974 alter
788 2922 862 2977 adel.

223 2999 272 3051 Ille
289 3016 369 3050 manus
384 2998 436 3051 istas
453 2998 563 3069 effingit,
582 2999 607 3051 dt
622 2998 711 3051 assidet
726 3012 816 3065 aegrae,

263 3072 354 3127 Invisus
370 3070 486 3142 Superis,
505 3091 561 3128 cum
574 3073 720 3142 Superisque
733 3070 800 3122 mihi.
839 3142 863 3193 E

873 3154 889 3193 v
