2392 3892
279 473 362 548 254¹
407 455 615 526 01⁷1qu
640 455 896 526 anonrs

277 574 393 629 Parcite,
413 573 581 641 Cecropides,
599 573 688 639 juranti
704 575 805 625 credere
824 576 944 626 Theseo:

314 647 386 711 Quot
401 647 476 698 faciet
493 647 583 708 testes,
601 648 660 697 lecit
676 647 701 697 ἃ
716 660 792 706 ante,
810 649 892 699 Deos.

276 721 308 771 Et
322 722 386 779 tibi,
404 721 593 787 Demophoon,
607 720 702 771 Thesei
714 721 818 772 criminis
835 723 907 772 heres
918 754 931 781 ,

213 792 269 855 460
314 792 425 861 Phyllide
443 794 546 859 decepti
557 827 569 851 ,
584 795 650 845 nulla
667 793 749 843 relista
763 792 837 845 fides.

237 865 240 871 '
277 866 303 916 Si
321 868 384 918 bene
401 868 563 933 promittant.
580 867 685 916 totidem
701 867 836 932 promittite
852 867 954 919 verbis:

313 940 339 989 Si
356 940 486 998 dederint,
505 940 530 989 &
545 956 590 990 vos
607 939 692 1007 gaudie
708 939 776 1005 pade
791 940 861 990 date.

277 1012 321 1063 illa
337 1012 416 1080 potest
429 1013 514 1081 vigilie
526 1013 631 1062 flammas
647 1011 797 1079 exstinguere
809 1012 892 1066 Vella
902 1046 916 1073 ,

314 1086 347 1135 Et
363 1102 449 1151 rapere
465 1103 480 1134 e
494 1086 611 1151 templis,
629 1085 735 1144 Inachi,
748 1085 815 1135 sacra
831 1088 907 1145 tuis;

213 1154 267 1221 465
278 1158 310 1208 Et
326 1159 384 1208 dere
400 1159 473 1207 mixta
491 1158 544 1207 viro
561 1157 625 1207 tritis
642 1157 742 1207 aconita
756 1158 863 1218 cicutis;

313 1231 426 1296 Accepto
441 1232 567 1283 Venerem
581 1246 683 1280 munere
698 1231 719 1281 si
734 1247 780 1297 qua
796 1244 881 1299 negat.

277 1302 336 1355 Fert
346 1303 437 1353 animus
454 1301 554 1370 propitls
564 1303 695 1353 consistere
708 1319 716 1355 t
729 1303 847 1369 supprime
864 1306 991 1365 habenas,

314 1375 406 1435 Mula;
426 1393 473 1427 nec
489 1376 598 1426 admissis
615 1376 739 1427 excutiare
755 1377 826 1427 rotie.

276 1449 364 1503 Verba
376 1450 464 1499 vedum
479 1461 576 1498 tentent
592 1450 701 1516 abiegnis
717 1450 803 1516 scripta
817 1449 937 1510 'tabellist

214 1534 270 1583 470
315 1523 427 1589 Accipiat
442 1521 516 1572 missas
531 1534 586 1589 apta
602 1522 705 1571 ministre
722 1534 804 1572 notas.

278 1595 370 1661 lnlpice
387 1612 394 1646 :
411 1595 524 1663 quodque
541 1597 629 1662 leges,
647 1612 679 1645 ex
693 1595 749 1661 ipsis
765 1594 856 1662 collige
871 1596 972 1654 verbis,

314 1669 422 1737 Fingat,
438 1685 468 1717 an
482 1684 515 1717 ex
529 1668 609 1717 animo
626 1667 779 1734 solicitusque
792 1681 879 1735 roget.
910 1710 915 1715 .

252 1736 354 1807 Postque
363 1743 462 1792 brevem
471 1742 574 1791 rescribe
583 1757 676 1808 moram
687 1758 694 1792 :
705 1758 773 1791 mora
781 1742 873 1806 semper
882 1752 991 1790 amantes

315 1814 403 1865 Incitat
414 1846 425 1873 „
438 1815 553 1881 exiguum
570 1815 593 1863 si
608 1812 682 1864 modd
696 1827 791 1880 tempus
808 1814 893 1863 habet.
979 1837 982 1841 ·

216 1900 251 1949 47
256 1900 268 1947 5
281 1886 330 1936 Sed
344 1902 424 1953 neqtoe
441 1899 466 1936 te
484 1887 580 1936 facilem
596 1885 683 1952 juveni
698 1887 812 1951 promitte
829 1885 944 1953 roganti:

315 1958 370 2008 Nec
385 1970 467 2008 tamen
483 1958 560 2008 educo
571 1991 583 2017 ,,
599 1959 665 2025 quod
682 1960 766 2025 petit,
781 1975 826 2008 ore
842 1976 914 2026 nega.

279 2031 328 2083 Fac
345 2032 429 2082 timeat
444 2032 575 2099 speretque·
589 2031 681 2089 simul;
699 2032 844 2098 quotiesque
861 2032 993 2089 remittes,

255 2142 263 2152 Ι
316 2106 426 2171 Spesque
440 2106 514 2174 magis
529 2106 612 2155 veniat
629 2118 719 2165 certa,
734 2106 861 2169 minorque
877 2117 976 2172 metus„

279 2177 391 2239 Munda,
406 2180 447 2229 sed
458 2178 582 2238 emedio,
600 2178 762 2244 consuetaque
773 2180 848 2227 verba
860 2210 868 2234 ‚
885 2179 972 2244 puellae
980 2209 994 2235 ,

215 2248 273 2311 480
317 2252 421 2303 Scribite
437 2268 444 2302 z
462 2253 575 2302 sermonis
591 2252 687 2317 publica
703 2252 780 2301 forma
795 2252 885 2317 placet.
920 2288 924 2297 ,

279 2324 319 2376 Ah
339 2324 346 2374 l
361 2326 457 2391 quoties
472 2326 557 2375 dubius
574 2325 667 2391 scriptis
684 2325 774 2374 exarsit
789 2335 882 2373 amator
894 2323 905 2374 l·

316 2398 349 2447 Et
364 2398 452 2448 nocuit
463 2398 546 2449 formte
560 2398 660 2447 barbara
675 2398 754 2463 lingua
771 2396 861 2448 bonae!

280 2468 329 2520 Sed
345 2471 475 2535 quonium,
496 2472 603 2536 quamuis
620 2471 687 2518 vittae
705 2469 805 2518 careatis
820 2469 940 2527 honore,

316 2542 355 2591 Ell
371 2542 444 2592 vobis
457 2542 548 2592 vestros
565 2542 650 2591 fallere
667 2558 724 2590 cura
739 2540 825 2597 viros;

217 2612 252 2679 48
257 2628 269 2679 5
282 2615 383 2667 nncinae
397 2615 497 2681 puerine
514 2614 678 2665 manuelem
693 2626 748 2679 apta
763 2612 865 2663 tabellas
877 2630 892 2672 ς

316 2681 420 2758 Pignora
437 2705 483 2739 nec
499 2686 582 2753 juveni
598 2688 692 2738 credite
708 2686 784 2737 vestra
799 2704 876 2740 novo·

280 2763 343 2818 Vidi
356 2780 404 2831 ego
421 2764 540 2829 pall-entes
556 2761 605 2812 ilio
616 2774 711 2813 terrore
728 2763 823 2828 puellas

316 2836 445 2886 Servitium
463 2835 561 2887 miserae
574 2848 670 2900 tempus
685 2836 710 2884 in
727 2851 798 2884 omne
813 2834 876 2900 pati.

279 2905 389 2966 Perfidus
406 2911 447 2959 ille
466 2910 584 2976 quidem,
600 2910 641 2975 qui
656 2910 712 2958 talia
728 2909 827 2974 pignora
844 2907 945 2958 servatt

218 2992 270 3045 490
316 2982 365 3030 Se'd
382 2994 463 3033 tamen
478 2982 568 3032 AEtnaei
584 2981 688 3032 fulminis
707 2981 777 3030 instar
791 2979 872 3027 habet.

279 3053 367 3107 Judice
383 3071 440 3114 me,
457 3056 522 3105 fraus
540 3056 573 3105 est
587 3054 713 3111 concessa,
730 3052 848 3115 repellere
863 3050 992 3110 fraudent

315 3126 437 3192 Armaque
453 3128 477 3177 ‘m
492 3140 598 3179 arnmot
611 3127 706 3177 sumere
718 3124 773 3193 jure
788 3124 882 3179 sinunt.
907 3163 911 3170 .
