2392 3892
356 449 750 548 consparsio.
842 462 921 546 305

211 568 266 621 Nec
282 566 389 619 nocuisse
405 569 467 627 ulli,
486 569 512 619 δι
528 568 649 617 fortunam
664 568 768 619 habuiffe
784 571 910 621 nocendi?

246 641 302 692 Nec
317 658 459 708 quemquam
475 658 564 693 nervos
579 642 711 691 extimuiffe
727 641 805 693 tuos?

212 714 266 766 Nec
281 714 347 766 vires
364 714 450 764 errasse
464 726 518 764 tuas
535 714 676 782 Campoque
692 717 826 781 Foroque;

248 787 377 854 Quamque
393 789 453 837 libet
470 788 528 837 citra
546 788 688 837 constituisse
706 787 826 839 domum?
932 804 966 854 50

211 860 307 925 Nempe
324 877 368 926 per
381 862 426 910 hos
443 860 515 910 etiam
532 862 645 911 Fortunae
661 861 747 927 injuria
762 878 844 912 mores
874 871 876 873 ’

246 932 363 1000 Regum
384 934 410 984 δι
425 933 517 996 inpertit
535 934 569 983 est
583 934 622 984 hic
640 951 737 1001 quoque
753 936 808 985 nixa
823 928 887 985 rotd-

211 1004 259 1057 llic
277 1021 374 1072 quoqtoe
391 1006 513 1057 sentitur:
529 1024 561 1057 ne
578 1008 635 1074 quid
649 1025 697 1057 non
713 1009 822 1075 improba
836 1018 937 1076 carpat,

247 1080 345 1136 Saevit3
364 1079 390 1129 &
406 1079 515 1147 injustum
530 1079 569 1146 jus
585 1081 630 1130 sibi
646 1082 735 1149 ubique
752 1081 820 1134 facit.

208 1151 309 1204 Scilicet
324 1152 433 1216 immunis
448 1153 469 1202 si
485 1153 562 1203 littus
576 1171 624 1204 una
640 1154 719 1205 fuisset
930 1167 962 1217 55

243 1225 332 1284 Livia,
350 1226 369 1275 F
371 1237 461 1275 ortunae
478 1243 552 1293 regna
563 1228 661 1277 ‘minora
677 1225 781 1278 forent?

208 1296 275 1361 Quid
291 1299 312 1348 si
328 1315 377 1347 non
390 1298 471 1347 habitu
487 1300 521 1348 sic
539 1299 563 1348 se
578 1300 685 1365 gessisset
700 1302 724 1349 in
739 1299 823 1359 omni,

244 1372 282 1421 Ut
298 1370 338 1421 sua
356 1388 405 1421 non
422 1370 497 1420 essent
513 1371 627 1421 invidiosa
643 1371 729 1421 bona?

209 1443 309 1494 Caesaris
327 1444 389 1493 adde
406 1443 524 1494 domum:
539 1462 591 1510 quae
609 1445 697 1504 certe,
713 1444 803 1495 funeris
820 1460 925 1511 expett,

244 1516 339 1566 Debuit
354 1517 462 1567 humanis
478 1517 550 1567 altior
567 1516 614 1567 elle
630 1518 707 1570 malis.
720 1572 727 1579 ³
927 1516 962 1568 60

207 1590 256 1639 llle
269 1590 346 1657 vigil,
366 1588 453 1639 summd
468 1590 535 1639 sacer
549 1591 590 1641 ille
608 1594 702 1642 locatus
719 1591 743 1642 in
759 1608 835 1652 arce,

244 1662 295 1712 Res
310 1662 432 1712 hominum
449 1678 480 1712 ex
494 1675 551 1713 tuto
566 1679 668 1715 cernere
685 1666 770 1733 dignus
786 1678 849 1716 erat.

207 1736 264 1785 Nec
280 1735 334 1784 fleti
347 1735 396 1800 ipse
410 1734 475 1794 suis,
492 1752 539 1785 nec
556 1754 699 1803 quemquam
714 1739 774 1788 llere
791 1739 908 1795 suorum;
951 1792 952 1795 Ἴ

245 1809 318 1866 Nec,
335 1825 387 1873 quae
404 1824 448 1857 nos
465 1808 567 1874 patimur
581 1811 685 1876 vulgus,
704 1809 730 1859 ὅ(
746 1810 795 1876 ipse
811 1811 871 1877 pati.

207 1881 319 1934 Vidimus
334 1881 418 1947 erepti
434 1892 572 1931 maerentem
589 1881 658 1948 llirpe
675 1883 792 1935 Sororis:
926 1880 959 1945 65

245 1953 353 2014 Ludius,
369 1968 397 2004 ut
412 1954 436 2004 in
450 1954 552 2014 Druso,
568 1956 677 2021 publicus
693 1957 734 2005 ille
751 1956 807 2007 fuit.

208 2026 324 2076 Condidit
341 2028 489 2095 Agrippam,
507 2044 555 2093 quo
569 2039 616 2085 te,
631 2029 771 2085 Marcelle,
785 2028 915 2092 sepulcre:

244 2099 277 2148 Et
294 2100 359 2165 cepit
374 2116 479 2167 generos
494 2097 542 2164 jam
559 2099 627 2148 locus
645 2100 686 2148 ille
704 2100 775 2149 duos.

207 2172 277 2232 Vix,
294 2172 375 2238 posito
390 2172 515 2240 Agrippi,
530 2171 617 2221 tumuli
631 2172 693 2221 bene
708 2168 875 2237 januaclausa
890 2168 942 2220 est:
1013 2237 1016 2242 1

246 2243 344 2295 Perficit
359 2243 464 2295 officium
479 2245 589 2302 funeris,
607 2260 686 2303 ecce,
704 2244 780 2294 soror.
926 2258 962 2305 70

206 2318 293 2375 Ecce,
313 2315 351 2369 ter
367 2330 423 2369 ante
441 2318 520 2377 datis,
539 2317 629 2383 jadura
645 2318 775 2367 novissima
792 2314 885 2365 Drusus

242 2390 265 2440 Α
283 2407 370 2458 magno
386 2393 504 2459 lacrymas
519 2389 614 2439 Caesare
630 2403 727 2455 quartus
743 2391 826 2438 habet.

210 2462 324 2513 Claudite
339 2462 387 2529 jam
398 2497 407 2523 ,
418 2465 525 2522 Pam,
542 2461 638 2513 nimium
654 2464 759 2514 reserata
774 2462 902 2527 sepulcra:

247 2536 359 2587 Claudite
375 2539 449 2604 :plus
464 2537 527 2603 justo
540 2536 588 2601 jam
603 2536 688 2587 domus
703 2537 743 2586 ista
757 2548 835 2601 patet.

208 2607 301 2667 Cedis,
320 2609 345 2659 dt
360 2609 523 2660 incallumtua
533 2609 647 2668 nomina,
666 2609 766 2666 Druse,
783 2610 906 2659 levantur.
925 2619 959 2668 75

245 2681 337 2731 Ultima
352 2681 384 2731 sit
401 2682 444 2731 fati
458 2684 510 2732 haec
526 2683 612 2732 summa
630 2683 729 2749 querela
743 2680 790 2732 tui.

206 2755 254 2805 llle
269 2751 348 2820 potell
363 2753 463 2818 implere
479 2756 551 2805 dulor
565 2758 606 2805 vel
623 2756 702 2805 secula
716 2766 789 2811 tota,

244 2826 277 2875 Et
293 2826 372 2892 magni
387 2825 462 2877 littus
480 2828 606 2878 obtinuiffe
622 2831 713 2879 locum.

208 2898 284 2950 Multi
298 2899 323 2948 in
338 2909 364 2948 te
379 2898 459 2948 amissi
474 2916 481 2949 ε
496 2917 562 2959 nec,
581 2901 621 2952 cui
637 2914 675 2952 tot
691 2902 762 2952 turba
777 2900 915 2958 bonorum,

248 2971 333 3024 Omnis
349 2971 389 3021 cui
404 2971 480 3022 virtus
497 2974 617 3041 contigit,
633 2992 694 3026 unus
711 2990 775 3025 eras.
926 2969 960 3020 80

210 3044 265 3093 Nec
280 3045 395 3109 genitrice
412 3044 453 3096 tuti
469 3046 595 3096 fecundior
612 3050 659 3098 ulla
674 3059 818 3114 parentum,

246 3115 298 3167 Tot
314 3119 375 3170 bona
390 3136 434 3187 pet
449 3132 531 3188 partus
548 3136 601 3187 quae
618 3121 685 3175 dedit
699 3137 747 3172 uua
762 3120 834 3173 duos·
