2392 3892
315 442 362 536 xij
459 437 856 526 ΤΕςτιΜοΝιΑ,
884 444 943 517 cic.

314 559 423 641 ingenii
439 558 614 638 magnitudo
634 559 667 617 dc
686 579 808 619 acumen
824 556 925 637 judicii
944 582 1064 628 exercet

314 662 351 720 da
363 659 435 720 sunt.
448 659 524 739 Quis
533 662 612 719 enim
630 659 667 719 de
679 658 793 727 Ouidio
809 663 875 721 saris
887 662 974 744 digne
988 665 1064 727 dicer

313 759 430 842 possit?
459 760 569 823 nedum
588 778 621 822 ut
642 761 748 822 audeat
767 781 836 822 eum
856 764 1064 843 reprehendero

313 864 373 927 Iul.
393 862 517 945 Scaliger
529 863 559 921 in
576 866 713 942 Hypercr.
727 885 759 944 p.
777 870 848 941 788.

354 963 444 1025 Uno
469 965 594 1028 vincitur
614 962 773 1038 Manilius,
796 965 877 1045 quod
901 985 963 1026 non
986 986 1064 1049 pote:

312 1058 430 1124 manum
445 1065 549 1126 tollere
561 1064 598 1124 de
612 1064 709 1124 tabula
722 1110 732 1139 ,
749 1065 781 1124 &
793 1063 914 1145 (quod,
929 1085 991 1129 tam
1008 1070 1062 1133 sals

312 1165 399 1246 quim
414 1167 580 1237 immerito,
591 1164 707 1228 Ovidio
725 1160 874 1244 objeiium
889 1168 984 1251 olim)
997 1193 1064 1233 nutu

312 1288 400 1349 quam
411 1269 463 1327 scit
475 1266 620 1328 desinere.
628 1268 687 1348 Jofi
700 1268 806 1349 Scalig.
813 1269 962 1349 prolegom.
974 1275 1064 1333 Mami

351 1365 481 1428 Taum
493 1369 608 1452 semper
619 1368 754 1429 omnibus
763 1368 947 1430 admirationi
952 1370 1064 1435 Ovidiu

310 1464 381 1542 fuit,
398 1486 505 1532 utnon
524 1469 708 1554 ingeniosus,
729 1467 780 1528 sed
797 1469 945 1550 ingenium
960 1473 1054 1553 ipsum

309 1588 371 1626 non
389 1567 512 1644 latinus,
533 1570 583 1632 sed
602 1570 661 1652 ipsa
682 1570 805 1630 latinitas
822 1589 831 1641 3
848 1589 909 1628 non
929 1572 1064 1637 Musarun

308 1666 460 1743 sacerdos,
477 1669 528 1732 sed
545 1671 637 1753 ipsum
652 1670 800 1729 Musarum
815 1678 924 1731 numen
941 1676 976 1732 sit
992 1675 1064 1735 habi

307 1785 363 1829 tus.
387 1770 463 1850 Quis
487 1774 566 1833 enirn
591 1771 697 1854 plura?
726 1773 789 1853 quis
816 1769 996 1854 elegantiora
1019 1775 1064 1836 ho

307 1872 398 1953 poeti
409 1873 518 1954 scripsit
535 1874 546 1934 ἓ
563 1873 628 1934 Nec
644 1873 735 1935 velim
749 1894 839 1954 porro
853 1893 889 1933 ex
904 1872 1064 1955 scriptorum

307 1974 491 2035 multitudine
522 1973 664 2034 summam
688 1971 744 2034 elle
769 1972 892 2050 Nasonis
919 1976 1064 2039 ansiorita·

306 2092 368 2138 tem
384 2098 393 2150 3
409 2076 460 2138 sed
477 2097 566 2158 quum
583 2095 732 2156 perrarum
749 2075 827 2154 apud
845 2075 958 2135 nostros
971 2077 1058 2140 fuerit

305 2196 338 2236 ut
359 2177 408 2258 qui
423 2176 575 2253 absolute,
597 2175 679 2237 idem
702 2163 793 2236 multa
812 2174 950 2260 scripserit
968 2199 978 2253 3
1005 2182 1064 2241 hinc

305 2278 384 2336 certe
410 2277 555 2339 Ovidium
577 2278 721 2337 summum
744 2281 773 2337 in
791 2277 841 2339 suo
864 2298 972 2361 genere
991 2273 1064 2341 fuiss<

305 2377 472 2459 colligitur,
490 2377 571 2461 quod
588 2375 698 2436 infinita
716 2375 972 2437 &absolutissima
990 2377 1064 2459 inge·

303 2477 344 2536 nii
364 2475 404 2536 sui
425 2494 617 2539 monumenta
638 2478 723 2537 nobis
744 2476 834 2538 dedit.
859 2474 957 2556 Gifizn.
979 2481 1064 2560 Apol

300 2601 353 2661 pro
369 2580 458 2662 pultis
479 2578 600 2641 Latinis.
615 2602 648 2660 p.
665 2587 734 2655 484.

344 2681 483 2758 U131Quu
496 2680 659 2765 ingeniosus
676 2681 716 2742 est
726 2681 873 2759 Ovidius,
888 2680 969 2767 quod
979 2699 1064 2743 nemu

209 2840 215 2848 .
303 2804 461 2865 umquam,
473 2785 527 2844 nisi
539 2784 588 2865 qui
597 2779 656 2863 ipse
667 2785 832 2867 ingeniosus
844 2809 905 2848 non
917 2780 1004 2855 esset,
1014 2804 1064 2845 ne·

303 2884 391 2965 gavit.
407 2883 525 2968 Ubique
544 2884 646 2947 dusius
663 2885 704 2949 est
716 2886 841 2949 Ovidius
853 2932 862 2960 ,
876 2885 913 2945 de
929 2905 988 2964 quo
1007 2906 1064 2946 non

304 2986 398 3045 minus
413 2985 492 3070 apud
508 3006 612 3051 omnes
628 2987 748 3051 constat.
769 2994 876 3067 Tanaq.
892 2984 992 3046 Faber.
1010 2988 1064 3069 Ep.

291 3099 397 3166 ”³⁷⁹
793 3125 795 3130 ⁵
841 3168 878 3239 Ρ.
898 3160 1064 3235 0v1uu
