2392 3892
308 468 378 565 138
433 460 921 536 OrintrAmonunr

336 598 985 672 o====÷ssi===s

396 742 709 807 nuncin
758 742 869 809 x11.
976 836 978 839 ι

306 840 376 959 Fr
385 916 402 954 n
410 917 429 954 τ
438 916 455 954 ε
465 919 534 956 meos
544 900 613 953 casus
624 918 633 954 c
644 901 723 955 tristes
733 903 829 955 rediere
839 901 947 954 tabellae.

342 978 430 1030 Infelix
445 977 519 1030 hodie
535 976 605 1027 litera
620 976 687 1042 poffe
703 990 788 1045 negat.

307 1052 397 1104 Omina
413 1051 466 1101 sunt
481 1050 592 1116 aliquid:
608 1048 682 1100 modo
697 1049 750 1099 crim
766 1050 890 1101 discedere
906 1047 1005 1110 vellet,

341 1123 381 1174 Ad
394 1124 469 1174 limen
484 1122 574 1189 digitos
587 1121 674 1171 restitit
688 1122 753 1182 ista,
770 1125 852 1189 Nape.

284 1214 296 1262 5
308 1196 378 1247 Musa
393 1198 462 1246 foras
474 1195 563 1245 iterum
577 1194 651 1244 limen
667 1192 769 1247 transir‘e
787 1207 913 1246 memento

344 1266 465 1327 Cantium
485 1279 558 1334 atque
574 1266 625 1317 alte
641 1267 719 1319 sobria
733 1269 799 1319 ferre
813 1270 911 1335 pedem.

308 1342 345 1393 ite
361 1341 438 1403 hinc,
455 1340 583 1400 difficiles,
603 1341 714 1391 funebria
729 1342 813 1410 ligna,
830 1342 949 1392 tabellae:

344 1414 433 1482 Tuque
450 1414 573 1483 negaturis
588 1430 646 1464 cera
659 1416 751 1466 referta
767 1416 842 1467 notis.

309 1488 410 1555 Qum,
427 1501 507 1556 puto,
528 1487 558 1538 de
574 1489 655 1555 longae
671 1488 797 1539 collefiam
812 1489 874 1539 flore
891 1487 997 1545 cicurae‚

268 1575 300 1611 10
344 1562 424 1613 Melle
441 1561 483 1613 sub
498 1561 601 1620 infami,
619 1560 721 1612 Corsica
737 1558 802 1613 misit
817 1562 879 1629 apis.

309 1635 361 1693 At,
379 1648 500 1702 tamquam
516 1634 607 1694 minio,
624 1635 722 1701 penitus
737 1636 856 1686 medicata
871 1632 988 1684 rubebas.

346 1708 393 1758 ille
407 1709 477 1758 coior
492 1707 552 1759 veri
569 1708 767 1776 sanguinolentus
783 1720 844 1760 erat.

310 1779 429 1847 Projekiae
444 1781 521 1832 triviis
537 1778 657 1847 jaceatis,
675 1781 761 1831 inutile
777 1783 888 1850 lignum:
922 1804 924 1807 >

346 1855 450 1920 Vosque
467 1866 531 1905 rotae
544 1856 640 1921 frangat
655 1854 825 1920 praetereuntis
843 1870 915 1904 onus.

269 1941 298 1988 15
310 1927 380 1976 illum
394 1927 486 1984 etiarn,
505 1927 546 1993 qui
561 1943 607 1976 vos
622 1942 654 1976 ex
668 1929 756 1978 arbore
770 1927 846 1977 vertit
862 1927 887 1975 in
900 1925 991 1989 usum

346 1998 497 2049 Convincam
512 2015 585 2065 puras
598 2015 648 2049 non
662 2000 768 2049 habuiffe
781 2015 878 2049 ananus.

311 2070 416 2123 Praebuit
433 2073 474 2123 ilia
491 2073 564 2123 arbor
577 2072 666 2123 misero
682 2072 806 2140 suspendia
821 2073 909 2124 colloz

349 2145 462 2197 Carnifici
479 2146 540 2197 diras
557 2147 660 2213 praebuir
675 2146 716 2195 ilia
731 2163 828 2198 cruces.
848 2181 851 2185 -

312 2219 358 2268 Illa
373 2218 440 2269 dedit
455 2232 540 2286 turpes
555 2220 635 2270 raucis
650 2220 786 2271 bubonibus
800 2221 918 2270 umbras}

270 2306 303 2340 2o
350 2293 462 2344 Vulturis
479 2294 504 2341 in
520 2294 591 2344 ramis
611 2295 637 2344 &
652 2293 728 2360 strigis
745 2311 792 2343 ova
807 2294 873 2343 tulit.

312 2363 358 2414 His
376 2382 424 2433 ego
441 2366 550 2418 commisi
563 2365 656 2416 nostros
672 2366 766 2416 insanus
781 2362 897 2415 amores!

348 2438 485 2505 Moliiaquo
499 2438 530 2487 ad
548 2438 667 2488 dominam
682 2440 757 2487 verba
772 2438 872 2488 ferenda
891 2436 947 2488 dedi
960 2435 969 2488 i

313 2507 400 2575 Aptir'rs
415 2511 452 2561 hae
470 2512 566 2577 capiant
582 2510 718 2559 vadimonia
734 2512 830 2578 garrula
849 2526 933 2571 cerae,

353 2581 420 2647 Quas
430 2582 520 2649 aliquis
536 2583 598 2632 duro
614 2583 726 2651 cognitor
742 2600 788 2634 ore
803 2585 880 2652 legat.
924 2614 927 2620 ·

271 2671 286 2705 2
290 2669 303 2719 5
314 2655 382 2707 inter
400 2655 566 2724 ephemeridas
581 2655 667 2708 melicis
683 2658 825 2725 tabulasque
841 2656 975 2726 jacerent,

351 2729 380 2780 In
397 2732 482 2797 quibus
498 2730 616 2781 absumtos
633 2731 705 2781 fleret
720 2748 806 2783 avarus
822 2747 892 2799 opes.

314 2802 381 2871 Ergo
396 2821 446 2873 ego
459 2820 505 2859 vos
518 2805 595 2858 rebus
607 2804 716 2872 duplices
732 2822 780 2872 pro
792 2805 889 2855 nornine
904 2802 967 2854 sensi
978 2798 991 2855 1

325 2872 328 2880 “
350 2877 458 2943 Auspicii
474 2895 587 2930 numerus
604 2895 653 2929 non
669 2891 722 2930 erat
737 2879 789 2945 ipse
804 2878 872 2929 boni.
976 2903 978 2907 ·
999 2907 1003 2914 ·

316 2947 383 3013 Quid
398 2967 484 3014 precer
499 2951 596 3003 iratus?
614 2953 660 3003 nisi
673 2969 719 3003 vos
738 2952 828 3002 cariosa
846 2948 956 3004 senedus

271 3030 306 3083 30
351 3021 451 3084 Rodut,
471 3024 497 3078 δι
512 3026 635 3080 immundo
652 3041 709 3079 cera
724 3024 754 3077 sit
771 3024 825 3076 alba
841 3021 899 3074 situ.
