2392 3892
273 458 322 507 20
371 438 412 505 P.
442 437 628 508 omnir
654 439 883 509 Nasonis

271 558 384 615 Xanthe‚
396 573 461 609 retro
471 577 583 625 propera,
592 559 714 625 versaeque
725 560 844 611 recurrite
856 561 970 628 lympha:

307 630 410 680 Sustinet
421 633 532 682 OEnonen
542 632 669 682 deseruisse
681 630 756 682 Paris.

271 702 314 752 illa
329 704 379 754 dies
394 705 469 754 iatum
482 707 574 755 miserae
591 704 647 754 mihi
662 704 722 754 dixit
733 704 782 763 ,ab
792 704 835 755 illt

308 774 411 826 Pessima
422 778 506 828 mutati
518 779 592 843 coepit
604 778 690 827 amoris
700 778 794 836 hiems,

224 854 256 908 35
272 846 329 912 Qui
339 852 424 901 Venus
435 852 458 901 δι
469 851 548 911 luno,
561 851 687 917 sumtisque
698 851 824 901 decentior
835 849 910 903 armis
990 894 992 899 .
1060 826 1064 842 *

308 923 385 975 Venit
396 925 420 973 in
429 926 550 975 arbitrium
560 926 623 974 nuda
633 926 745 973 Minerva
756 935 833 973 tuum.

272 993 378 1045 Attoniti
389 998 493 1047 micuere
504 1000 586 1055 sinus,
598 997 736 1064 gelidusque
746 996 851 1046 cucurrit
862 1027 870 1055 ‚

309 1071 344 1119 Ut
357 1071 413 1118 milri
427 1071 539 1129 narrasti,
555 1071 612 1119 dura
627 1087 670 1133 per
686 1068 732 1118 ossa
746 1084 847 1117 tremor.

273 1140 391 1191 Consului
403 1175 410 1199 ,
420 1159 498 1207 neque
510 1144 572 1192 enim
582 1142 676 1191 modice
687 1143 813 1198 terrebar,
824 1142 932 1209 anusque

224 1214 261 1263 40
309 1214 489 1281 Longaevosque
505 1215 571 1264 senes
588 1232 595 1265 :
613 1214 717 1263 constitit
731 1212 777 1262 esse
792 1214 870 1264 nefas.

272 1285 339 1335 Caesa
354 1289 436 1346 abies,
451 1288 566 1355 seslaeque
579 1290 678 1337 trabes:
699 1288 741 1345 dt,
758 1285 830 1335 classe
844 1298 944 1352 parata,

309 1359 403 1409 caerma
419 1372 512 1411 ceratas
529 1361 616 1426 accipit
628 1360 692 1409 unda
706 1372 780 1409 rates.

271 1432 341 1483 Flesti
356 1435 478 1483 discedens
495 1433 563 1483 :hoc
580 1434 662 1482 saltem
676 1449 748 1497 parce
764 1448 866 1499 negare.
879 1453 882 1458 ·

308 1506 434 1556 Praeterito
449 1508 521 1573 magis
538 1505 570 1554 est
586 1504 630 1553 iste
643 1504 769 1568 pudendus
785 1521 863 1557 amor.

223 1588 257 1638 45
271 1578 302 1629 Et
313 1579 389 1637 flesti,
407 1580 433 1630 ὅ(
443 1579 534 1628 nostros
544 1578 620 1627 vidisti
632 1577 711 1627 flentis
721 1577 814 1626 ocellos
826 1593 834 1627 t

307 1652 444 1701 Miscuimus
454 1654 571 1717 lacrymas
584 1650 676 1699 maestus
691 1662 794 1715 uterque
811 1650 873 1700 suas.
908 1700 916 1712 ,

271 1725 329 1773 Non
344 1726 378 1775 sic
392 1724 507 1790 appositis
523 1722 628 1772 vincitur
637 1723 726 1772 vitibus
739 1724 835 1781 ulmus,

306 1798 343 1847 Ut
357 1811 398 1848 tua
413 1797 465 1848 sunt
483 1798 548 1845 collo
565 1797 663 1846 brachia
678 1812 741 1845 nexa
758 1811 827 1846 meo.
876 1819 880 1824 ·

270 1869 311 1922 Ah
323 1870 329 1919 l
342 1871 454 1938 quoties,
465 1868 518 1920 crim
535 1884 560 1921 te
574 1883 650 1921 vento
665 1886 795 1936 quererere
809 1866 890 1919 teneri
898 1899 907 1930 ,

227 1953 261 2004 50
307 1944 419 1994 Risemnt
434 1943 535 1995 comites
555 1943 561 1991 !
579 1945 620 1993 ille
634 1942 753 1994 secundus
764 1954 825 1991 erat.

272 2017 363 2068 Oscula
377 2018 472 2068 dimissae
489 2018 583 2084 quoties
600 2017 703 2083 repetita
721 2013 822 2065 dedisti!

309 2090 387 2155 Quim
404 2093 443 2141 vix
461 2090 567 2142 sustinuit
583 2090 665 2139 dicere
676 2090 774 2156 lingua,
786 2086 850 2141 Vale
864 2084 873 2137 i

272 2164 338 2215 Aura
349 2165 410 2215 levis
420 2165 498 2233 rigido
509 2163 640 2231 pendentia
650 2164 725 2213 lintea
735 2162 798 2212 malo

310 2238 429 2297 Suscita,
447 2240 473 2290 dc
487 2240 559 2287 remis
576 2250 645 2288 eruta
660 2248 731 2286 canet
747 2252 819 2300 aqua.

229 2308 260 2357 55
273 2309 409 2376 Prosequor·
423 2312 506 2360 infelix
519 2312 594 2359 oculis
609 2310 720 2359 abeuntia
735 2309 809 2364 vela,

311 2382 366 2446 Qui
378 2383 436 2431 licet
446 2400 455 2440 ;
468 2384 493 2432 ὅ(
504 2382 615 2448 lacrymis
624 2383 707 2429 humet
717 2396 788 2427 arena
798 2378 870 2429 meis.

272 2454 356 2520 thue
374 2456 527 2504 celervenias
540 2456 646 2511 ,virides
660 2451 781 2502 Nereidas
797 2466 842 2499 oro
854 2468 862 2503 t

310 2528 408 2577 Scilicet
421 2539 448 2577 ut
457 2529 540 2576 venias
551 2528 575 2576 in
586 2544 639 2576 mea
650 2525 733 2575 damna
744 2525 820 2574 celer.

273 2602 347 2656 votis
359 2617 418 2668 ergo
429 2601 487 2649 meis
499 2601 537 2649 alii
548 2602 654 2649 rediture
665 2594 764 2647 redisti?

228 2664 264 2717 60
301 2675 358 2724 vHei
369 2675 425 2723 mihi
438 2673 443 2721 !
457 2690 501 2739 pro
512 2674 561 2722 dira
573 2673 660 2739 pellice
671 2670 756 2720 blanda
766 2670 811 2719 sui.

273 2746 367 2814 Aspicit
377 2747 513 2797 immensum
527 2748 603 2796 moles
614 2744 692 2795 nativa
702 2743 847 2810 profundum
857 2758 866 2796 ε

311 2822 385 2871 Mons
395 2822 441 2870 fuit
450 2837 459 2878 3
470 2821 590 2886 aequoreis
598 2820 638 2869 illa
648 2817 735 2868 resistit·
742 2820 819 2883 aquis.

275 2894 341 2944 Hinc
351 2910 397 2960 ego
409 2894 464 2941 vela
474 2905 522 2941 tua·
533 2893 638 2959 cognovi
648 2892 721 2956 prima
732 2891 818 2942 carinae
828 2902 836 2937 c

312 2967 343 3016 Et
354 2966 411 3015 mihi
422 2980 465 3031 per
475 2965 558 3013 {lullus
568 2967 671 3028 impetus
683 2964 717 3011 ire
729 2963 784 3010 fuit.

231 3019 263 3086 ⁶5
276 3041 342 3092 Dum
352 3055 450 3095 moror,
462 3038 486 3085 in
497 3036 584 3085 summi
594 3036 660 3083 fulsit
670 3034 725 3081 mihi
737 3048 841 3098 purpura
851 3033 936 3099 proti.

154 3135 164 3146 ‘-
251 3156 253 3161 .
313 3112 448 3166 Pertimuit
458 3111 536 3162 cultus
546 3124 595 3160 non
606 3117 658 3158 etat
668 3105 708 3156 ille
719 3116 786 3162 tuus.
