2392 3892
287 492 570 566 Hrnoroas,
593 496 674 568 Er.
701 499 817 566 VIII.
850 518 903 594 37

191 616 300 686 Pyrrhus
310 617 384 666 habet
391 629 495 681 raptam,
507 616 597 666 reduce
608 617 635 667 dt
642 616 734 667 vidore
743 629 843 683 parente
853 634 861 667 τ

227 690 320 741 Munus
332 690 357 741 δι
367 690 414 740 hoc
423 689 493 739 nobis
505 689 584 739 diruta
592 689 670 755 'stoja
680 691 755 739 dedit.

192 762 253 814 cum
264 779 345 815 tamen
355 764 416 812 altus
426 763 493 829 equis
504 762 576 811 Titan
585 763 731 814 radiantibus
742 763 827 821 instat,
914 782 945 820 ιο
950 783 962 833 5

227 837 342 887 Perfruor
353 836 436 885 infelix
451 836 566 885 liberiore
578 837 652 886 malo.

188 910 249 961 Nox
258 910 459 959 ubimethalamis
472 908 729 959 ululantem&acerba
737 922 875 975 gementem

229 984 362 1038 Condidit,
373 982 399 1030 in
411 980 490 1029 maesto
501 981 663 1048 procubuique
676 995 748 1031 toto..

188 1054 239 1107 Pro
256 1056 340 1104 somno
351 1054 463 1120 lacrymis
480 1054 546 1103 oculi
554 1054 683 1122 funguntur
694 1054 787 1105 obortis
800 1071 808 1106 τ

228 1127 335 1193 Qndqire
346 1127 404 1176 licet
417 1126 502 1193 fugio,
519 1128 582 1177 sicut
592 1130 622 1177 ab
634 1128 719 1185 holle,
733 1129 819 1178 virum.
914 1138 967 1175 110

187 1202 263 1266 Saepe
274 1200 339 1249 malis
348 1200 430 1263 stupeo
440 1216 447 1250 :
457 1217 585 1269 rerumque
593 1204 668 1252 oblita
678 1203 776 1269 locique

225 1272 311 1340 Ignari
322 1273 390 1340 tetigi
399 1273 482 1339 Scyria
492 1276 602 1324 membra
610 1292 690 1323 mann.

187 1345 273 1413 thue
288 1348 355 1396 nefas
373 1347 455 1402 sensi,
474 1345 537 1393 mal'e
553 1361 657 1409 corpora
671 1347 734 1395 rasta
747 1348 878 1414 relinquor

223 1421 255 1469 Et
272 1420 332 1468 mihi
348 1419 454 1484 pollutas
465 1416 553 1465 credor
560 1417 652 1466 habere
662 1434 755 1467 manus.

188 1493 257 1559 Saepe
270 1490 432 1557 Neoptolemi
449 1505 494 1555 pto
511 1489 625 1548 nomine,
636 1506 726 1539 nomen
735 1488 828 1540 oreuae
911 1493 960 1541 ¹¹5

223 1565 281 1615 Exit
293 1582 300 1614 ε
312 1564 338 1614 &
349 1579 456 1614 errorem
466 1562 552 1621 vocis,
565 1573 592 1612 ut
603 1560 692 1622 omEn,
710 1580 773 1613 amo.

188 1637 235 1691 Per
246 1651 324 1707 genus
335 1637 420 1686 infelix
434 1635 507 1701 juro,
524 1637 669 1703 generisque
684 1650 825 1703 parentem,

223 1712 275 1777 Qui
284 1712 364 1778 freta,
376 1710 417 1776 qui
427 1722 505 1759 terras
515 1741 522 1766 ,
533 1710 574 1775 qui
585 1709 625 1758 sua
636 1726 710 1777 regna
721 1712 797 1776 quatit
806 1728 815 1769 3

188 1783 231 1836 Per
243 1786 319 1851 patris
331 1782 379 1833 ossa
394 1783 445 1841 tui,
460 1782 540 1848 patrui
552 1782 612 1831 mihi
619 1798 628 1841 ;
644 1801 697 1849 quae
709 1784 752 1833 tibi
764 1785 870 1841 debent,

222 1858 299 1922 Quod
309 1856 332 1906 se
342 1856 383 1906 sub
391 1857 486 1906 tumulo
497 1855 593 1905 fortiter
603 1858 653 1907 ulta
662 1856 743 1920 jacent
754 1873 761 1906 ε
910 1873 960 1910 120

189 1929 236 1981 Aut
248 1948 296 1998 ego
306 1931 461 1996 premonet,
472 1930 598 1995 primoque
608 1929 741 1997 exstinguar
751 1930 777 1979 in
786 1946 850 1987 aero.

222 2004 274 2055 Aut
285 2020 333 2073 ego
342 2003 477 2053 Tantalidae
488 2002 601 2052 Tantalis
611 2021 673 2054 uror
685 2021 740 2054 ero.

319 2233 384 2294 ΕΡ
405 2233 420 2293 1
441 2234 460 2295 S
481 2235 510 2295 T
532 2234 563 2297 O
584 2236 610 2295 L
631 2234 661 2295 A
701 2232 765 2292 IX.

263 2360 530 2417 Deianira
569 2359 814 2417 Hancvrr.

194 2445 254 2565 G
265 2525 408 2562 narrator
418 2512 549 2565 OEchaliam
558 2514 635 2564 titulis
643 2512 760 2563 accedere
769 2508 874 2563 uostrist

219 2587 346 2637 Viflorem
363 2588 431 2636 vitta
440 2587 587 2638 succubuisse
597 2604 695 2653 queror.

143 2713 145 2720 Ι
190 2656 256 2707 fama
266 2658 415 2727 Pelasgiadas
425 2661 503 2711 subitb
512 2662 623 2726 pervenit
633 2660 657 2708 in
666 2660 738 2709 urbes

143 2761 145 2768 ·
218 2732 333 2781 Decolor
343 2765 350 2789 ,
363 2732 387 2781 ἃ
397 2733 463 2782 faslis
473 2733 598 2783 inficianda
608 2733 673 2790 tuis;

189 2800 264 2865 Quem
276 2820 395 2868 nunquam
406 2804 469 2855 luno
479 2840 487 2864 ‚
498 2807 619 2870 seriesque
628 2801 741 2853 immensa
749 2800 863 2849 laborum
903 2818 917 2868 ς

221 2876 332 2943 fregerit
343 2894 351 2933 5
362 2877 415 2925 huic
425 2878 495 2927 Iolen
504 2876 637 2941 imposuisse
647 2876 740 2940 jugum.

188 2946 240 3000 Hoc
249 2950 310 2999 velit
319 2949 462 3016 Eurystheus
471 2984 478 3007 ‚
490 2950 550 2999 velit
559 2949 607 2995 hoc
618 2963 729 3013 germana
738 2944 871 2998 Tonantis:

221 3023 335 3089 Laetaque
345 3023 376 3072 sit
385 3025 441 3071 vitae
454 3024 508 3073 labe
519 3036 625 3071 noverca
634 3033 692 3070 tuae.
766 3046 768 3050 ·
778 3044 782 3047 ·

189 3094 275 3145 Arnon
285 3097 326 3145 ille
335 3096 397 3146 velit
406 3128 414 3152 ,
424 3097 466 3145 cui
473 3112 522 3144 nort
532 3129 538 3152 ‚
550 3096 571 3143 si
581 3093 703 3150 creditur,
714 3110 761 3143 nna

220 3171 491 3229 Nontanti,uttautrn
501 3167 656 3234 conciperdre
667 3167 742 3226 ,suin
905 3182 938 3220 ro
1029 3192 1034 3203 ·
