2392 3892
277 610 321 686 iv·
402 612 444 682 P.
469 611 666 684 orum
694 611 948 685 NAsouis·

279 772 299 807 a
312 745 407 808 videri
426 792 436 822 ‚
461 748 550 831 quim
569 748 696 810 solutum
716 768 867 814 carmen..
884 792 917 810 ..
941 748 1052 812 Lat'ro·

280 875 301 909 n
314 867 406 923 nem,
431 846 512 932 cujus
530 852 689 913 admirator
713 867 800 926 erat,
826 848 902 910 aded
920 846 1050 911 studiose

281 948 449 1040 inaudivit,
468 969 501 1012 ut
520 952 627 1044 inultas
648 949 711 1032 ejus
727 949 883 1011 sententias
899 952 930 1009 in
949 948 1051 1013 versus

282 1075 302 1111 a
315 1047 380 1110 suos
396 1049 579 1115 transtulerit.
590 1097 620 1115 ..
638 1051 725 1115 Tunc
743 1050 866 1126 autem,
883 1070 974 1132 quum
992 1046 1051 1109 stu·

282 1178 301 1212 n
317 1152 419 1229 deret,
435 1154 595 1215 habebatur
613 1156 708 1215 bonus
727 1152 915 1214 declamator.
934 1149 1051 1214 Decla-

282 1276 302 1311 a
317 1253 415 1315 mahat
427 1271 525 1316 autem
541 1253 605 1314 rard
618 1255 853 1327 controversias,
866 1250 916 1314 sed
932 1253 1048 1313 nonnisi

282 1378 302 1413 s>
318 1354 447 1415 ethicas:
463 1354 597 1415 libentiits
616 1353 733 1415 dicebat
750 1352 885 1415 suasorias
899 1380 928 1414 u.
945 1352 1047 1413 Athe-

281 1472 332 1511 nas
356 1454 465 1527 etiam‚
491 1454 666 1535 eloquentiae
692 1474 727 1514 ac
753 1452 900 1514 literarum
926 1452 1049 1526 sedem,

280 1550 358 1611 haud
376 1552 461 1612 dubie
477 1551 636 1614 studiorum
654 1550 762 1628 causi,
782 1571 814 1614 ut
832 1552 891 1636 ipse
905 1551 1050 1626 testatur,

281 1655 376 1737 petiit.
395 1653 486 1716 Anno
501 1656 592 1715 aetatis
610 1655 753 1715 vicesimo
772 1656 852 1733 cepit
869 1656 979 1733 primos
997 1654 1051 1715 ho·

282 1777 394 1832 notes,
412 1756 519 1818 scilicet
537 1757 751 1817 triumuiratum
770 1755 926 1836 capitalem
941 1774 951 1826 3
972 1774 1051 1813 anno

281 1855 440 1939 sequente,
459 1856 710 1920 decemviratum:
725 1858 775 1939 qui
791 1854 951 1916 decemviri
968 1872 1051 1916 erant

282 1953 421 2030 instituti,
439 1974 471 2017 ut
488 1957 741 2019 centumviralibus
756 1953 869 2036 judiciis
887 1955 1050 2039 praeellent.

325 2053 534 2119 Exsrlm
551 2063 581 2119 in
599 2059 713 2121 ovidio
729 2057 789 2138 jam
807 2081 900 2143 puero
911 2062 991 2118 'mira
1012 2058 1050 2119 ad

283 2158 399 2236 poesim
417 2159 554 2236 indoles,
575 2161 613 2221 ad
633 2183 721 2242 quam
743 2159 872 2242 quodam
891 2160 972 2238 quasi
996 2182 1052 2219 na·

284 2270 355 2316 turae
381 2258 511 2324 instinciu
539 2263 686 2324 ferebatur
709 2264 831 2321 :invito
856 2259 1052 2321 vehementer

284 2375 367 2438 patre
378 2406 387 2435 ‚
398 2365 447 2444 qui
455 2407 466 2435 ,
478 2362 570 2424 filium
579 2362 716 2423 continud
725 2363 875 2442 increpans
885 2404 895 2433 ‚
904 2362 1031 2419 Studium
1038 2400 1053 2431 ,

283 2460 457 2540 inquiebat,
476 2471 545 2548 quid
558 2468 655 2528 inutile
676 2459 794 2525 tentas?
815 2461 968 2522 Maeonides
987 2457 1053 2517 nul·

285 2558 330 2617 las
341 2561 398 2641 ipse
408 2564 520 2644 reliquit
532 2588 597 2648 opes
612 2583 758 2647 :eumque
771 2566 800 2623 in
813 2559 911 2619 forum
924 2556 1051 2617 transtu·

284 2656 389 2735 Istat-3
414 2684 470 2725 nec
496 2663 605 2726 infelici
630 2660 753 2724 succeli'u
774 2681 782 2720 ε
802 2677 871 2719 nam
897 2656 930 2716 &
955 2655 1051 2716 causas

286 2757 415 2822 forenses
433 2763 504 2827 dixit
521 2765 664 2848 egregie,
684 2764 716 2823 &
735 2755 953 2823 centumviralia
972 2753 1053 2835 judi-

285 2860 330 2921 cia
347 2862 437 2923 multi
457 2886 524 2927 cum
541 2866 628 2928 laude
647 2869 734 2927 tuitus
755 2863 805 2926 est.
825 2859 908 2934 Sed,
929 2872 1051 2917 mortuo

284 2980 391 3044 patre,
410 2965 478 3031 foro
495 2968 661 3042 valedixit,
679 2966 766 3051 seque
785 2980 881 3028 totum
897 2958 990 3019 Musis
1011 2957 1051 3015 li-

285 3065 476 3130 beralioribus
501 3069 593 3134 dedit.
619 3066 707 3132 Circa
731 3091 838 3131 annum
863 3060 952 3125 aetatis
977 3057 1051 3117 alte-

285 3186 350 3226 rum
361 3166 395 3226 &
411 3168 600 3248 vicesimum,
617 3170 758 3254 juvenilia
774 3160 921 3239 cantdna,
939 3164 1049 3247 elegias

287 3266 443 3345 nimirum,
469 3272 583 3356 poptdo
607 3271 701 3356 legit,
723 3268 923 3352 iaclnuitque.
946 3265 1059 3329 Poetna-

1011 3479 1027 3508 ἱ
