<?xml version="1.0" encoding="UTF-8"?>
<!DOCTYPE html PUBLIC "-//W3C//DTD XHTML 1.0 Transitional//EN"
    "http://www.w3.org/TR/xhtml1/DTD/xhtml1-transitional.dtd">
<html xmlns="http://www.w3.org/1999/xhtml" xml:lang="en" lang="en">
 <head>
  <title>
</title>
<meta http-equiv="Content-Type" content="text/html;charset=utf-8" />
  <meta name='ocr-system' content='tesseract 3.04.00' />
  <meta name='ocr-capabilities' content='ocr_page ocr_carea ocr_par ocr_line ocrx_word'/>
</head>
<body>
  <div class='ocr_page' id='page_1' title='image "./povidiinasoniso00heingoog_0326.png"; bbox 0 0 2392 3892; ppageno 0'>
   <div class='ocr_carea' id='block_1_1' title="bbox 360 414 962 534">
    <p class='ocr_par' dir='ltr' id='par_1_1' title="bbox 360 414 962 534">
     <span class='ocr_line' id='line_1_1' title="bbox 360 414 962 534; baseline 0 -29"><span class='ocrx_word' id='word_1_1' title='bbox 360 439 750 505; x_wconf 63' lang='lat' dir='ltr'>consorano.</span> <span class='ocrx_word' id='word_1_2' title='bbox 850 414 962 534; x_wconf 62' lang='lat'>311,</span> 
     </span>
    </p>
   </div>
   <div class='ocr_carea' id='block_1_2' title="bbox 213 554 986 772">
    <p class='ocr_par' dir='ltr' id='par_1_2' title="bbox 213 554 986 772">
     <span class='ocr_line' id='line_1_2' title="bbox 213 554 909 629; baseline 0.003 -20"><span class='ocrx_word' id='word_1_3' title='bbox 213 562 275 629; x_wconf 87' lang='lat' dir='ltr'>Spes</span> <span class='ocrx_word' id='word_1_4' title='bbox 292 572 389 625; x_wconf 92' lang='lat' dir='ltr'>quoque</span> <span class='ocrx_word' id='word_1_5' title='bbox 405 557 536 604; x_wconf 90' lang='lat' dir='ltr'>multorum</span> <span class='ocrx_word' id='word_1_6' title='bbox 552 556 652 604; x_wconf 83' lang='lat' dir='ltr'>slammis</span> <span class='ocrx_word' id='word_1_7' title='bbox 667 567 769 606; x_wconf 85' lang='lat' dir='ltr'>uruntur</span> <span class='ocrx_word' id='word_1_8' title='bbox 784 554 808 605; x_wconf 87' lang='lat' dir='ltr'>in</span> <span class='ocrx_word' id='word_1_9' title='bbox 823 556 909 611; x_wconf 82' lang='lat' dir='ltr'>isdem.</span> 
     </span>
     <span class='ocr_line' id='line_1_3' title="bbox 253 628 807 696; baseline -0.007 -14"><span class='ocrx_word' id='word_1_10' title='bbox 253 632 298 683; x_wconf 84' lang='lat' dir='ltr'>lsle</span> <span class='ocrx_word' id='word_1_11' title='bbox 317 646 391 696; x_wconf 83' lang='lat' dir='ltr'>rogus</span> <span class='ocrx_word' id='word_1_12' title='bbox 409 629 500 678; x_wconf 87' lang='lat' dir='ltr'>miserae</span> <span class='ocrx_word' id='word_1_13' title='bbox 517 629 610 677; x_wconf 87' lang='lat' dir='ltr'>viscera</span> <span class='ocrx_word' id='word_1_14' title='bbox 626 628 707 677; x_wconf 86' lang='lat' dir='ltr'>matris</span> <span class='ocrx_word' id='word_1_15' title='bbox 724 629 807 679; x_wconf 85' lang='lat' dir='ltr'>habet.</span> 
     </span>
     <span class='ocr_line' id='line_1_4' title="bbox 213 701 986 772; baseline -0.005 -16"><span class='ocrx_word' id='word_1_16' title='bbox 213 710 232 760; x_wconf 83' lang='lat' dir='ltr'>F</span> <span class='ocrx_word' id='word_1_17' title='bbox 235 706 286 757; x_wconf 65' lang='lat' dir='ltr'>abia</span> <span class='ocrx_word' id='word_1_18' title='bbox 302 704 369 753; x_wconf 87' lang='lat' dir='ltr'>ducis</span> <span class='ocrx_word' id='word_1_19' title='bbox 386 702 488 760; x_wconf 85' lang='lat' dir='ltr'>vivent,</span> <span class='ocrx_word' id='word_1_20' title='bbox 505 701 655 768; x_wconf 81' lang='lat' dir='ltr'>operosaque</span> <span class='ocrx_word' id='word_1_21' title='bbox 669 702 746 769; x_wconf 82' lang='lat' dir='ltr'>gloria</span> <span class='ocrx_word' id='word_1_22' title='bbox 762 719 853 753; x_wconf 85' lang='lat' dir='ltr'>rerum.</span> <span class='ocrx_word' id='word_1_23' title='bbox 936 707 986 772; x_wconf 86' lang='lat'>265</span> 
     </span>
    </p>
   </div>
   <div class='ocr_carea' id='block_1_3' title="bbox 215 774 1022 3175">
    <p class='ocr_par' dir='ltr' id='par_1_3' title="bbox 251 774 864 843">
     <span class='ocr_line' id='line_1_5' title="bbox 251 774 864 843; baseline -0.002 -13"><span class='ocrx_word' id='word_1_24' title='bbox 251 780 314 830; x_wconf 79' lang='lat' dir='ltr'>Haec</span> <span class='ocrx_word' id='word_1_25' title='bbox 329 787 409 826; x_wconf 87' lang='lat' dir='ltr'>manet</span> <span class='ocrx_word' id='word_1_26' title='bbox 424 791 431 825; x_wconf 75' lang='grc' dir='ltr'><em>τ</em></span> <span class='ocrx_word' id='word_1_27' title='bbox 448 776 501 825; x_wconf 83' lang='lat' dir='ltr'>haec</span> <span class='ocrx_word' id='word_1_28' title='bbox 516 776 600 825; x_wconf 83' lang='lat' dir='ltr'>avidos</span> <span class='ocrx_word' id='word_1_29' title='bbox 617 774 702 842; x_wconf 82' lang='lat' dir='ltr'>effugit</span> <span class='ocrx_word' id='word_1_30' title='bbox 716 792 763 825; x_wconf 89' lang='lat' dir='ltr'>una</span> <span class='ocrx_word' id='word_1_31' title='bbox 779 793 864 843; x_wconf 84' lang='lat' dir='ltr'>rogos.</span> 
     </span>
    </p>

    <p class='ocr_par' dir='ltr' id='par_1_4' title="bbox 215 849 838 990">
     <span class='ocr_line' id='line_1_6' title="bbox 215 849 838 915; baseline -0.006 -11"><span class='ocrx_word' id='word_1_32' title='bbox 215 853 275 904; x_wconf 83' lang='lat' dir='ltr'>Pars</span> <span class='ocrx_word' id='word_1_33' title='bbox 289 851 337 900; x_wconf 89' lang='lat' dir='ltr'>erit</span> <span class='ocrx_word' id='word_1_34' title='bbox 355 849 476 906; x_wconf 78' lang='lat' dir='ltr'>historiae,</span> <span class='ocrx_word' id='word_1_35' title='bbox 491 860 595 915; x_wconf 90' lang='lat' dir='ltr'>totoque</span> <span class='ocrx_word' id='word_1_36' title='bbox 611 852 708 915; x_wconf 81' lang='lat' dir='ltr'>legetur</span> <span class='ocrx_word' id='word_1_37' title='bbox 724 850 748 898; x_wconf 89' lang='lat' dir='ltr'>in</span> <span class='ocrx_word' id='word_1_38' title='bbox 763 865 838 900; x_wconf 68' lang='lat' dir='ltr'>arvos</span> 
     </span>
     <span class='ocr_line' id='line_1_7' title="bbox 254 922 830 990; baseline -0.002 -16"><span class='ocrx_word' id='word_1_39' title='bbox 254 928 336 990; x_wconf 80' lang='lat' dir='ltr'>Seque</span> <span class='ocrx_word' id='word_1_40' title='bbox 353 939 412 987; x_wconf 87' lang='lat' dir='ltr'>opus</span> <span class='ocrx_word' id='word_1_41' title='bbox 426 922 528 988; x_wconf 83' lang='lat' dir='ltr'>ingeniis</span> <span class='ocrx_word' id='word_1_42' title='bbox 545 923 736 988; x_wconf 83' lang='lat' dir='ltr'>carminibusque</span> <span class='ocrx_word' id='word_1_43' title='bbox 753 923 830 973; x_wconf 87' lang='lat' dir='ltr'>dabit.</span> 
     </span>
    </p>

    <p class='ocr_par' dir='ltr' id='par_1_5' title="bbox 217 994 993 1135">
     <span class='ocr_line' id='line_1_8' title="bbox 217 994 820 1062; baseline -0.007 -12"><span class='ocrx_word' id='word_1_44' title='bbox 217 999 297 1051; x_wconf 88' lang='lat' dir='ltr'>Stabis</span> <span class='ocrx_word' id='word_1_45' title='bbox 313 998 338 1047; x_wconf 87' lang='lat'>&amp;</span> <span class='ocrx_word' id='word_1_46' title='bbox 356 996 379 1044; x_wconf 90' lang='lat' dir='ltr'>in</span> <span class='ocrx_word' id='word_1_47' title='bbox 394 994 474 1044; x_wconf 84' lang='lat' dir='ltr'>rostris</span> <span class='ocrx_word' id='word_1_48' title='bbox 490 995 556 1045; x_wconf 86' lang='lat' dir='ltr'>tituli</span> <span class='ocrx_word' id='word_1_49' title='bbox 570 994 691 1062; x_wconf 88' lang='lat' dir='ltr'>speciosus</span> <span class='ocrx_word' id='word_1_50' title='bbox 706 997 820 1056; x_wconf 86' lang='lat' dir='ltr'>honore;</span> 
     </span>
     <span class='ocr_line' id='line_1_9' title="bbox 255 1068 993 1135; baseline 0.003 -14"><span class='ocrx_word' id='word_1_51' title='bbox 255 1068 382 1135; x_wconf 78' lang='lat' dir='ltr'>Causaque</span> <span class='ocrx_word' id='word_1_52' title='bbox 399 1068 505 1118; x_wconf 87' lang='lat' dir='ltr'>dicemur</span> <span class='ocrx_word' id='word_1_53' title='bbox 518 1085 563 1118; x_wconf 89' lang='lat' dir='ltr'>nos</span> <span class='ocrx_word' id='word_1_54' title='bbox 579 1070 643 1127; x_wconf 88' lang='lat' dir='ltr'>tibi,</span> <span class='ocrx_word' id='word_1_55' title='bbox 660 1070 760 1128; x_wconf 81' lang='lat' dir='ltr'>Druse,</span> <span class='ocrx_word' id='word_1_56' title='bbox 776 1070 853 1120; x_wconf 89' lang='lat' dir='ltr'>necis.</span> <span class='ocrx_word' id='word_1_57' title='bbox 940 1085 993 1135; x_wconf 88' lang='lat'>270</span> 
     </span>
    </p>

    <p class='ocr_par' dir='ltr' id='par_1_6' title="bbox 216 1141 892 1280">
     <span class='ocr_line' id='line_1_10' title="bbox 216 1141 892 1208; baseline 0 -12"><span class='ocrx_word' id='word_1_58' title='bbox 216 1146 252 1197; x_wconf 78' lang='lat' dir='ltr'>At</span> <span class='ocrx_word' id='word_1_59' title='bbox 267 1145 311 1193; x_wconf 90' lang='lat' dir='ltr'>tibi</span> <span class='ocrx_word' id='word_1_60' title='bbox 326 1142 366 1208; x_wconf 86' lang='lat' dir='ltr'>jus</span> <span class='ocrx_word' id='word_1_61' title='bbox 383 1142 461 1190; x_wconf 81' lang='lat' dir='ltr'>veniae</span> <span class='ocrx_word' id='word_1_62' title='bbox 479 1141 602 1207; x_wconf 86' lang='lat' dir='ltr'>superesi,</span> <span class='ocrx_word' id='word_1_63' title='bbox 624 1141 773 1201; x_wconf 83' lang='lat' dir='ltr'>Germania,</span> <span class='ocrx_word' id='word_1_64' title='bbox 791 1146 892 1196; x_wconf 82' lang='lat' dir='ltr'>nullum.</span> 
     </span>
     <span class='ocr_line' id='line_1_11' title="bbox 255 1214 868 1280; baseline 0 -13"><span class='ocrx_word' id='word_1_65' title='bbox 255 1214 385 1267; x_wconf 80' lang='lat' dir='ltr'>Postmodo</span> <span class='ocrx_word' id='word_1_66' title='bbox 399 1227 426 1263; x_wconf 91' lang='lat' dir='ltr'>tu</span> <span class='ocrx_word' id='word_1_67' title='bbox 441 1231 542 1280; x_wconf 83' lang='lat' dir='ltr'>poenas,</span> <span class='ocrx_word' id='word_1_68' title='bbox 558 1216 677 1274; x_wconf 87' lang='lat' dir='ltr'>barbare,</span> <span class='ocrx_word' id='word_1_69' title='bbox 695 1230 774 1267; x_wconf 87' lang='lat' dir='ltr'>morte</span> <span class='ocrx_word' id='word_1_70' title='bbox 792 1218 868 1269; x_wconf 85' lang='lat' dir='ltr'>dabis.</span> 
     </span>
    </p>

    <p class='ocr_par' dir='ltr' id='par_1_7' title="bbox 218 1287 831 1426">
     <span class='ocr_line' id='line_1_12' title="bbox 218 1287 772 1357; baseline -0.004 -17"><span class='ocrx_word' id='word_1_71' title='bbox 218 1290 341 1357; x_wconf 77' lang='lat' dir='ltr'>Aspiciam</span> <span class='ocrx_word' id='word_1_72' title='bbox 354 1287 448 1354; x_wconf 85' lang='lat' dir='ltr'>Regum</span> <span class='ocrx_word' id='word_1_73' title='bbox 464 1288 564 1336; x_wconf 87' lang='lat' dir='ltr'>liventia</span> <span class='ocrx_word' id='word_1_74' title='bbox 581 1290 644 1337; x_wconf 84' lang='lat' dir='ltr'>colla</span> <span class='ocrx_word' id='word_1_75' title='bbox 662 1291 772 1347; x_wconf 87' lang='lat' dir='ltr'>catenis,</span> 
     </span>
     <span class='ocr_line' id='line_1_13' title="bbox 256 1360 831 1426; baseline -0.002 -14"><span class='ocrx_word' id='word_1_76' title='bbox 256 1365 375 1426; x_wconf 88' lang='lat' dir='ltr'>Duraque</span> <span class='ocrx_word' id='word_1_77' title='bbox 392 1376 435 1424; x_wconf 91' lang='lat' dir='ltr'>per</span> <span class='ocrx_word' id='word_1_78' title='bbox 452 1360 525 1409; x_wconf 80' lang='lat' dir='ltr'>saevas</span> <span class='ocrx_word' id='word_1_79' title='bbox 539 1361 634 1409; x_wconf 88' lang='lat' dir='ltr'>vincula</span> <span class='ocrx_word' id='word_1_80' title='bbox 651 1378 713 1410; x_wconf 88' lang='lat' dir='ltr'>nexa</span> <span class='ocrx_word' id='word_1_81' title='bbox 729 1378 831 1412; x_wconf 84' lang='lat' dir='ltr'>manus:</span> 
     </span>
    </p>

    <p class='ocr_par' dir='ltr' id='par_1_8' title="bbox 220 1432 993 1575">
     <span class='ocr_line' id='line_1_14' title="bbox 220 1432 993 1500; baseline 0.001 -16"><span class='ocrx_word' id='word_1_82' title='bbox 220 1438 254 1489; x_wconf 87' lang='lat' dir='ltr'>Et</span> <span class='ocrx_word' id='word_1_83' title='bbox 271 1434 371 1488; x_wconf 89' lang='lat' dir='ltr'>tandem</span> <span class='ocrx_word' id='word_1_84' title='bbox 385 1432 495 1499; x_wconf 85' lang='lat' dir='ltr'>trepidos</span> <span class='ocrx_word' id='word_1_85' title='bbox 512 1436 611 1491; x_wconf 87' lang='lat' dir='ltr'>vultus,</span> <span class='ocrx_word' id='word_1_86' title='bbox 629 1435 702 1500; x_wconf 88' lang='lat' dir='ltr'>inque</span> <span class='ocrx_word' id='word_1_87' title='bbox 717 1435 756 1484; x_wconf 90' lang='lat' dir='ltr'>illa</span> <span class='ocrx_word' id='word_1_88' title='bbox 772 1435 882 1484; x_wconf 82' lang='lat' dir='ltr'>serocslm</span> <span class='ocrx_word' id='word_1_89' title='bbox 943 1452 993 1500; x_wconf 86' lang='lat'>275</span> 
     </span>
     <span class='ocr_line' id='line_1_15' title="bbox 259 1506 768 1575; baseline -0.008 -16"><span class='ocrx_word' id='word_1_90' title='bbox 259 1507 346 1559; x_wconf 84' lang='lat' dir='ltr'>Invitis</span> <span class='ocrx_word' id='word_1_91' title='bbox 363 1506 480 1573; x_wconf 86' lang='lat' dir='ltr'>lacrymas</span> <span class='ocrx_word' id='word_1_92' title='bbox 499 1506 612 1556; x_wconf 88' lang='lat' dir='ltr'>decidere</span> <span class='ocrx_word' id='word_1_93' title='bbox 630 1524 672 1556; x_wconf 91' lang='lat' dir='ltr'>ora</span> <span class='ocrx_word' id='word_1_94' title='bbox 691 1509 768 1575; x_wconf 75' lang='lat' dir='ltr'>genis.</span> 
     </span>
    </p>

    <p class='ocr_par' dir='ltr' id='par_1_9' title="bbox 220 1579 888 1703">
     <span class='ocr_line' id='line_1_16' title="bbox 220 1579 888 1650; baseline -0.004 -16"><span class='ocrx_word' id='word_1_95' title='bbox 220 1582 325 1650; x_wconf 79' lang='lat' dir='ltr'>Spiritus</span> <span class='ocrx_word' id='word_1_96' title='bbox 343 1580 385 1629; x_wconf 89' lang='lat' dir='ltr'>ille</span> <span class='ocrx_word' id='word_1_97' title='bbox 403 1579 501 1637; x_wconf 87' lang='lat' dir='ltr'>minax,</span> <span class='ocrx_word' id='word_1_98' title='bbox 523 1580 549 1630; x_wconf 77' lang='grc' dir='ltr'>δι</span> <span class='ocrx_word' id='word_1_99' title='bbox 567 1580 643 1629; x_wconf 87' lang='lat' dir='ltr'>Drusi</span> <span class='ocrx_word' id='word_1_100' title='bbox 659 1596 737 1632; x_wconf 89' lang='lat' dir='ltr'>morte</span> <span class='ocrx_word' id='word_1_101' title='bbox 755 1580 888 1644; x_wconf 89' lang='lat' dir='ltr'>superbus,</span> 
     </span>
     <span class='ocr_line' id='line_1_17' title="bbox 261 1650 806 1703; baseline -0.004 0"><span class='ocrx_word' id='word_1_102' title='bbox 261 1651 375 1703; x_wconf 84' lang='lat' dir='ltr'>Carnifici</span> <span class='ocrx_word' id='word_1_103' title='bbox 392 1653 416 1701; x_wconf 89' lang='lat' dir='ltr'>in</span> <span class='ocrx_word' id='word_1_104' title='bbox 431 1650 510 1702; x_wconf 85' lang='lat' dir='ltr'>maesto</span> <span class='ocrx_word' id='word_1_105' title='bbox 528 1669 626 1703; x_wconf 87' lang='lat' dir='ltr'>carcere</span> <span class='ocrx_word' id='word_1_106' title='bbox 644 1653 734 1703; x_wconf 90' lang='lat' dir='ltr'>dandus</span> <span class='ocrx_word' id='word_1_107' title='bbox 752 1655 806 1703; x_wconf 87' lang='lat' dir='ltr'>erit.</span> 
     </span>
    </p>

    <p class='ocr_par' dir='ltr' id='par_1_10' title="bbox 222 1726 998 1865">
     <span class='ocr_line' id='line_1_18' title="bbox 222 1726 873 1791; baseline -0.003 -12"><span class='ocrx_word' id='word_1_108' title='bbox 222 1726 379 1784; x_wconf 78' lang='lat' dir='ltr'>Consiliam,</span> <span class='ocrx_word' id='word_1_109' title='bbox 399 1726 508 1791; x_wconf 81' lang='lat' dir='ltr'>laetisque</span> <span class='ocrx_word' id='word_1_110' title='bbox 526 1726 623 1785; x_wconf 89' lang='lat' dir='ltr'>oculis,</span> <span class='ocrx_word' id='word_1_111' title='bbox 639 1729 766 1791; x_wconf 86' lang='lat' dir='ltr'>lentusque</span> <span class='ocrx_word' id='word_1_112' title='bbox 782 1726 873 1777; x_wconf 88' lang='lat' dir='ltr'>videbo</span> 
     </span>
     <span class='ocr_line' id='line_1_19' title="bbox 262 1798 998 1865; baseline 0 -15"><span class='ocrx_word' id='word_1_113' title='bbox 262 1802 343 1850; x_wconf 84' lang='lat' dir='ltr'>Strata</span> <span class='ocrx_word' id='word_1_114' title='bbox 359 1815 402 1865; x_wconf 89' lang='lat' dir='ltr'>per</span> <span class='ocrx_word' id='word_1_115' title='bbox 418 1798 533 1848; x_wconf 86' lang='lat' dir='ltr'>obscenas</span> <span class='ocrx_word' id='word_1_116' title='bbox 553 1815 655 1864; x_wconf 88' lang='lat' dir='ltr'>corpora</span> <span class='ocrx_word' id='word_1_117' title='bbox 672 1800 734 1847; x_wconf 88' lang='lat' dir='ltr'>nuda</span> <span class='ocrx_word' id='word_1_118' title='bbox 751 1799 810 1848; x_wconf 83' lang='lat' dir='ltr'>vias.</span> <span class='ocrx_word' id='word_1_119' title='bbox 944 1799 998 1850; x_wconf 80' lang='lat'>280</span> 
     </span>
    </p>

    <p class='ocr_par' dir='ltr' id='par_1_11' title="bbox 224 1870 889 2013">
     <span class='ocr_line' id='line_1_20' title="bbox 224 1870 889 1937; baseline -0.005 -12"><span class='ocrx_word' id='word_1_120' title='bbox 224 1875 298 1926; x_wconf 89' lang='lat' dir='ltr'>Hunc</span> <span class='ocrx_word' id='word_1_121' title='bbox 314 1873 410 1921; x_wconf 80' lang='lat' dir='ltr'>Aurora</span> <span class='ocrx_word' id='word_1_122' title='bbox 425 1870 507 1929; x_wconf 86' lang='lat' dir='ltr'>diem,</span> <span class='ocrx_word' id='word_1_123' title='bbox 523 1872 656 1937; x_wconf 73' lang='lat' dir='ltr'>speslacula</span> <span class='ocrx_word' id='word_1_124' title='bbox 671 1884 736 1921; x_wconf 84' lang='lat' dir='ltr'>tanta</span> <span class='ocrx_word' id='word_1_125' title='bbox 751 1872 889 1933; x_wconf 79' lang='lat' dir='ltr'>serentem,</span> 
     </span>
     <span class='ocr_line' id='line_1_21' title="bbox 264 1943 877 2013; baseline 0.003 -18"><span class='ocrx_word' id='word_1_126' title='bbox 264 1947 345 2009; x_wconf 73' lang='lat' dir='ltr'>Quam</span> <span class='ocrx_word' id='word_1_127' title='bbox 361 1943 460 2010; x_wconf 82' lang='lat' dir='ltr'>primtim</span> <span class='ocrx_word' id='word_1_128' title='bbox 478 1946 570 1996; x_wconf 89' lang='lat' dir='ltr'>croceis</span> <span class='ocrx_word' id='word_1_129' title='bbox 589 1946 683 1996; x_wconf 86' lang='lat' dir='ltr'>roscida</span> <span class='ocrx_word' id='word_1_130' title='bbox 700 1958 783 2013; x_wconf 84' lang='lat' dir='ltr'>portet</span> <span class='ocrx_word' id='word_1_131' title='bbox 799 1948 877 2013; x_wconf 87' lang='lat' dir='ltr'>equis.</span> 
     </span>
    </p>

    <p class='ocr_par' dir='ltr' id='par_1_12' title="bbox 225 2017 839 2157">
     <span class='ocr_line' id='line_1_22' title="bbox 225 2017 839 2085; baseline 0 -17"><span class='ocrx_word' id='word_1_132' title='bbox 225 2020 316 2085; x_wconf 77' lang='lat' dir='ltr'>Adjice</span> <span class='ocrx_word' id='word_1_133' title='bbox 332 2017 454 2073; x_wconf 85' lang='lat' dir='ltr'>Ledaeos,</span> <span class='ocrx_word' id='word_1_134' title='bbox 472 2020 602 2067; x_wconf 89' lang='lat' dir='ltr'>concordia</span> <span class='ocrx_word' id='word_1_135' title='bbox 617 2021 715 2076; x_wconf 88' lang='lat' dir='ltr'>sidera,</span> <span class='ocrx_word' id='word_1_136' title='bbox 733 2020 839 2077; x_wconf 82' lang='lat' dir='ltr'>fratres;</span> 
     </span>
     <span class='ocr_line' id='line_1_23' title="bbox 264 2089 812 2157; baseline -0.005 -16"><span class='ocrx_word' id='word_1_137' title='bbox 264 2093 416 2157; x_wconf 82' lang='lat' dir='ltr'>Templaque</span> <span class='ocrx_word' id='word_1_138' title='bbox 434 2089 545 2140; x_wconf 89' lang='lat' dir='ltr'>Romano</span> <span class='ocrx_word' id='word_1_139' title='bbox 563 2090 731 2156; x_wconf 88' lang='lat' dir='ltr'>conspicienda</span> <span class='ocrx_word' id='word_1_140' title='bbox 747 2091 812 2138; x_wconf 86' lang='lat' dir='ltr'>soro.</span> 
     </span>
    </p>

    <p class='ocr_par' dir='ltr' id='par_1_13' title="bbox 229 2161 1000 2303">
     <span class='ocr_line' id='line_1_24' title="bbox 229 2161 1000 2231; baseline -0.003 -16"><span class='ocrx_word' id='word_1_141' title='bbox 229 2166 310 2231; x_wconf 72' lang='lat' dir='ltr'>Quam</span> <span class='ocrx_word' id='word_1_142' title='bbox 326 2181 401 2229; x_wconf 87' lang='lat' dir='ltr'>parvo</span> <span class='ocrx_word' id='word_1_143' title='bbox 418 2178 530 2213; x_wconf 88' lang='lat' dir='ltr'>numeros</span> <span class='ocrx_word' id='word_1_144' title='bbox 547 2164 656 2230; x_wconf 85' lang='lat' dir='ltr'>implevit</span> <span class='ocrx_word' id='word_1_145' title='bbox 672 2162 785 2229; x_wconf 84' lang='lat' dir='ltr'>principis</span> <span class='ocrx_word' id='word_1_146' title='bbox 799 2161 873 2212; x_wconf 82' lang='lat' dir='ltr'>aevo!</span> <span class='ocrx_word' id='word_1_147' title='bbox 948 2161 1000 2226; x_wconf 86' lang='lat'>285</span> 
     </span>
     <span class='ocr_line' id='line_1_25' title="bbox 267 2236 815 2303; baseline -0.005 -15"><span class='ocrx_word' id='word_1_148' title='bbox 267 2240 296 2289; x_wconf 92' lang='lat' dir='ltr'>ln</span> <span class='ocrx_word' id='word_1_149' title='bbox 313 2237 413 2303; x_wconf 82' lang='lat' dir='ltr'>patriam</span> <span class='ocrx_word' id='word_1_150' title='bbox 431 2236 522 2287; x_wconf 89' lang='lat' dir='ltr'>meritis</span> <span class='ocrx_word' id='word_1_151' title='bbox 542 2238 705 2302; x_wconf 85' lang='lat' dir='ltr'>occubuitque</span> <span class='ocrx_word' id='word_1_152' title='bbox 722 2236 815 2286; x_wconf 83' lang='lat' dir='ltr'>senex!</span> 
     </span>
    </p>

    <p class='ocr_par' dir='ltr' id='par_1_14' title="bbox 229 2307 930 2451">
     <span class='ocr_line' id='line_1_26' title="bbox 229 2307 930 2376; baseline -0.006 -13"><span class='ocrx_word' id='word_1_153' title='bbox 229 2314 286 2363; x_wconf 84' lang='lat' dir='ltr'>Nec</span> <span class='ocrx_word' id='word_1_154' title='bbox 298 2310 338 2360; x_wconf 90' lang='lat' dir='ltr'>sua</span> <span class='ocrx_word' id='word_1_155' title='bbox 349 2311 480 2376; x_wconf 87' lang='lat' dir='ltr'>conspiciet</span> <span class='ocrx_word' id='word_1_156' title='bbox 492 2343 499 2369; x_wconf 96' lang='lat'>,</span> <span class='ocrx_word' id='word_1_157' title='bbox 517 2310 627 2360; x_wconf 90' lang='lat' dir='ltr'>miserum</span> <span class='ocrx_word' id='word_1_158' title='bbox 637 2328 675 2360; x_wconf 88' lang='lat' dir='ltr'>me</span> <span class='ocrx_word' id='word_1_159' title='bbox 688 2311 694 2359; x_wconf 87' lang='lat' dir='ltr'>l</span> <span class='ocrx_word' id='word_1_160' title='bbox 708 2324 806 2358; x_wconf 87' lang='lat' dir='ltr'>munera</span> <span class='ocrx_word' id='word_1_161' title='bbox 815 2307 909 2359; x_wconf 91' lang='lat' dir='ltr'>Drusus</span> <span class='ocrx_word' id='word_1_162' title='bbox 921 2322 930 2359; x_wconf 83' lang='lat' dir='ltr'>t</span> 
     </span>
     <span class='ocr_line' id='line_1_27' title="bbox 268 2383 909 2451; baseline -0.008 -18"><span class='ocrx_word' id='word_1_163' title='bbox 268 2386 323 2434; x_wconf 91' lang='lat' dir='ltr'>Nec</span> <span class='ocrx_word' id='word_1_164' title='bbox 339 2384 378 2433; x_wconf 85' lang='lat' dir='ltr'>sua</span> <span class='ocrx_word' id='word_1_165' title='bbox 395 2401 438 2449; x_wconf 86' lang='lat' dir='ltr'>pro</span> <span class='ocrx_word' id='word_1_166' title='bbox 454 2383 538 2448; x_wconf 90' lang='lat' dir='ltr'>templi</span> <span class='ocrx_word' id='word_1_167' title='bbox 555 2384 652 2433; x_wconf 86' lang='lat' dir='ltr'>nomina</span> <span class='ocrx_word' id='word_1_168' title='bbox 669 2384 751 2432; x_wconf 84' lang='lat' dir='ltr'>fronte</span> <span class='ocrx_word' id='word_1_169' title='bbox 766 2384 841 2451; x_wconf 84' lang='lat' dir='ltr'>leget·</span> <span class='ocrx_word' id='word_1_170' title='bbox 905 2419 909 2428; x_wconf 95' lang='lat'>.</span> 
     </span>
    </p>

    <p class='ocr_par' dir='ltr' id='par_1_15' title="bbox 230 2455 1007 2591">
     <span class='ocr_line' id='line_1_28' title="bbox 230 2455 942 2525; baseline -0.006 -16"><span class='ocrx_word' id='word_1_171' title='bbox 230 2460 301 2525; x_wconf 88' lang='lat' dir='ltr'>Saepe</span> <span class='ocrx_word' id='word_1_172' title='bbox 316 2455 403 2515; x_wconf 90' lang='lat' dir='ltr'>Nero,</span> <span class='ocrx_word' id='word_1_173' title='bbox 418 2458 588 2523; x_wconf 80' lang='lat' dir='ltr'>illacrymans,</span> <span class='ocrx_word' id='word_1_174' title='bbox 605 2456 716 2506; x_wconf 70' lang='lat' dir='ltr'>submissi</span> <span class='ocrx_word' id='word_1_175' title='bbox 730 2472 793 2506; x_wconf 82' lang='lat' dir='ltr'>voce</span> <span class='ocrx_word' id='word_1_176' title='bbox 809 2458 942 2521; x_wconf 89' lang='lat' dir='ltr'>loquetur;</span> 
     </span>
     <span class='ocr_line' id='line_1_29' title="bbox 271 2526 1007 2591; baseline -0.005 -12"><span class='ocrx_word' id='word_1_177' title='bbox 271 2530 323 2580; x_wconf 88' lang='lat' dir='ltr'>Cur</span> <span class='ocrx_word' id='word_1_178' title='bbox 339 2530 402 2579; x_wconf 88' lang='lat' dir='ltr'>adeo</span> <span class='ocrx_word' id='word_1_179' title='bbox 417 2530 524 2588; x_wconf 83' lang='lat' dir='ltr'>fratres,</span> <span class='ocrx_word' id='word_1_180' title='bbox 543 2531 591 2580; x_wconf 90' lang='lat' dir='ltr'>heu</span> <span class='ocrx_word' id='word_1_181' title='bbox 609 2531 660 2581; x_wconf 88' lang='lat' dir='ltr'>sine</span> <span class='ocrx_word' id='word_1_182' title='bbox 677 2532 770 2588; x_wconf 80' lang='lat' dir='ltr'>fratre,</span> <span class='ocrx_word' id='word_1_183' title='bbox 785 2526 879 2579; x_wconf 77' lang='lat' dir='ltr'>Deos?</span> <span class='ocrx_word' id='word_1_184' title='bbox 954 2540 1007 2591; x_wconf 90' lang='lat'>290</span> 
     </span>
    </p>

    <p class='ocr_par' dir='ltr' id='par_1_16' title="bbox 232 2600 961 2740">
     <span class='ocr_line' id='line_1_30' title="bbox 232 2600 961 2668; baseline -0.008 -12"><span class='ocrx_word' id='word_1_185' title='bbox 232 2604 323 2656; x_wconf 88' lang='lat' dir='ltr'>Certus</span> <span class='ocrx_word' id='word_1_186' title='bbox 341 2620 393 2653; x_wconf 88' lang='lat' dir='ltr'>eras</span> <span class='ocrx_word' id='word_1_187' title='bbox 410 2620 556 2668; x_wconf 79' lang='lat' dir='ltr'>numquam,</span> <span class='ocrx_word' id='word_1_188' title='bbox 572 2604 618 2653; x_wconf 88' lang='lat' dir='ltr'>nisi</span> <span class='ocrx_word' id='word_1_189' title='bbox 632 2605 728 2660; x_wconf 74' lang='lat' dir='ltr'>vislor,</span> <span class='ocrx_word' id='word_1_190' title='bbox 745 2603 844 2660; x_wconf 89' lang='lat' dir='ltr'>Druse,</span> <span class='ocrx_word' id='word_1_191' title='bbox 859 2600 961 2651; x_wconf 82' lang='lat' dir='ltr'>reverti.</span> 
     </span>
     <span class='ocr_line' id='line_1_31' title="bbox 271 2674 847 2740; baseline -0.003 -15"><span class='ocrx_word' id='word_1_192' title='bbox 271 2676 332 2725; x_wconf 83' lang='lat' dir='ltr'>Haec</span> <span class='ocrx_word' id='word_1_193' title='bbox 348 2688 374 2725; x_wconf 88' lang='lat' dir='ltr'>te</span> <span class='ocrx_word' id='word_1_194' title='bbox 391 2676 524 2724; x_wconf 89' lang='lat' dir='ltr'>debuerant</span> <span class='ocrx_word' id='word_1_195' title='bbox 540 2687 651 2740; x_wconf 89' lang='lat' dir='ltr'>tempora</span> <span class='ocrx_word' id='word_1_196' title='bbox 667 2692 675 2725; x_wconf 78' lang='lat' dir='ltr'>t</span> <span class='ocrx_word' id='word_1_197' title='bbox 690 2674 768 2723; x_wconf 72' lang='lat' dir='ltr'>vibior</span> <span class='ocrx_word' id='word_1_198' title='bbox 785 2690 847 2723; x_wconf 82' lang='lat' dir='ltr'>eras.</span> 
     </span>
    </p>

    <p class='ocr_par' dir='ltr' id='par_1_17' title="bbox 233 2746 1022 2873">
     <span class='ocr_line' id='line_1_32' title="bbox 233 2746 1022 2816; baseline -0.011 -15"><span class='ocrx_word' id='word_1_199' title='bbox 233 2749 341 2801; x_wconf 85' lang='lat' dir='ltr'>Consule</span> <span class='ocrx_word' id='word_1_200' title='bbox 353 2763 398 2797; x_wconf 93' lang='lat' dir='ltr'>nos</span> <span class='ocrx_word' id='word_1_201' title='bbox 409 2779 417 2804; x_wconf 95' lang='lat'>,</span> <span class='ocrx_word' id='word_1_202' title='bbox 432 2747 494 2796; x_wconf 89' lang='lat' dir='ltr'>duce</span> <span class='ocrx_word' id='word_1_203' title='bbox 505 2763 567 2807; x_wconf 88' lang='lat' dir='ltr'>nos,</span> <span class='ocrx_word' id='word_1_204' title='bbox 586 2747 647 2797; x_wconf 87' lang='lat' dir='ltr'>duce</span> <span class='ocrx_word' id='word_1_205' title='bbox 658 2746 705 2812; x_wconf 90' lang='lat' dir='ltr'>jam</span> <span class='ocrx_word' id='word_1_206' title='bbox 715 2746 827 2805; x_wconf 68' lang='lat' dir='ltr'>vidore,</span> <span class='ocrx_word' id='word_1_207' title='bbox 842 2760 951 2796; x_wconf 85' lang='lat' dir='ltr'>caremus</span> <span class='ocrx_word' id='word_1_208' title='bbox 962 2757 970 2792; x_wconf 76' lang='lat' dir='ltr'>a</span> <span class='ocrx_word' id='word_1_209' title='bbox 1018 2812 1022 2816; x_wconf 17' lang='lat'>⁸</span> 
     </span>
     <span class='ocr_line' id='line_1_33' title="bbox 273 2819 819 2873; baseline -0.011 0"><span class='ocrx_word' id='word_1_210' title='bbox 273 2821 370 2873; x_wconf 88' lang='lat' dir='ltr'>Invenit</span> <span class='ocrx_word' id='word_1_211' title='bbox 388 2836 419 2868; x_wconf 89' lang='lat' dir='ltr'>en</span> <span class='ocrx_word' id='word_1_212' title='bbox 437 2819 490 2869; x_wconf 63' lang='lat' dir='ltr'>toti</span> <span class='ocrx_word' id='word_1_213' title='bbox 505 2837 591 2870; x_wconf 82' lang='lat' dir='ltr'>maeror</span> <span class='ocrx_word' id='word_1_214' title='bbox 608 2820 633 2869; x_wconf 92' lang='lat' dir='ltr'>in</span> <span class='ocrx_word' id='word_1_215' title='bbox 650 2822 710 2869; x_wconf 89' lang='lat' dir='ltr'>urbe</span> <span class='ocrx_word' id='word_1_216' title='bbox 727 2820 819 2868; x_wconf 90' lang='lat' dir='ltr'>locum.</span> 
     </span>
    </p>

    <p class='ocr_par' dir='ltr' id='par_1_18' title="bbox 236 2891 1010 3032">
     <span class='ocr_line' id='line_1_34' title="bbox 236 2891 1010 2958; baseline -0.01 -10"><span class='ocrx_word' id='word_1_217' title='bbox 236 2896 272 2949; x_wconf 77' lang='lat' dir='ltr'>At</span> <span class='ocrx_word' id='word_1_218' title='bbox 286 2894 401 2946; x_wconf 90' lang='lat' dir='ltr'>comitum</span> <span class='ocrx_word' id='word_1_219' title='bbox 419 2892 526 2958; x_wconf 88' lang='lat' dir='ltr'>squalent</span> <span class='ocrx_word' id='word_1_220' title='bbox 541 2893 651 2943; x_wconf 86' lang='lat' dir='ltr'>immissis</span> <span class='ocrx_word' id='word_1_221' title='bbox 668 2910 710 2943; x_wconf 90' lang='lat' dir='ltr'>ora</span> <span class='ocrx_word' id='word_1_222' title='bbox 727 2891 837 2957; x_wconf 82' lang='lat' dir='ltr'>capillis:</span> <span class='ocrx_word' id='word_1_223' title='bbox 958 2902 1010 2955; x_wconf 86' lang='lat'>295</span> 
     </span>
     <span class='ocr_line' id='line_1_35' title="bbox 276 2965 797 3032; baseline -0.008 -14"><span class='ocrx_word' id='word_1_224' title='bbox 276 2970 383 3026; x_wconf 81' lang='lat' dir='ltr'>Infelix,</span> <span class='ocrx_word' id='word_1_225' title='bbox 404 2965 484 3016; x_wconf 90' lang='lat' dir='ltr'>Druso</span> <span class='ocrx_word' id='word_1_226' title='bbox 501 2967 542 3016; x_wconf 88' lang='lat' dir='ltr'>sed</span> <span class='ocrx_word' id='word_1_227' title='bbox 557 2967 595 3032; x_wconf 92' lang='lat' dir='ltr'>pia</span> <span class='ocrx_word' id='word_1_228' title='bbox 611 2967 679 3016; x_wconf 89' lang='lat' dir='ltr'>turba</span> <span class='ocrx_word' id='word_1_229' title='bbox 697 2965 753 3015; x_wconf 55' lang='lat' dir='ltr'>suo,</span> <span class='ocrx_word' id='word_1_230' title='bbox 793 2993 797 3029; x_wconf 69' lang='grc' dir='ltr'><strong><em>ς</em></strong></span> 
     </span>
    </p>

    <p class='ocr_par' dir='ltr' id='par_1_19' title="bbox 240 3034 949 3175">
     <span class='ocr_line' id='line_1_36' title="bbox 240 3034 949 3109; baseline 0.001 -20"><span class='ocrx_word' id='word_1_231' title='bbox 240 3040 353 3105; x_wconf 79' lang='lat' dir='ltr'>Quorum</span> <span class='ocrx_word' id='word_1_232' title='bbox 368 3041 467 3109; x_wconf 86' lang='lat' dir='ltr'>aliquis,</span> <span class='ocrx_word' id='word_1_233' title='bbox 487 3041 590 3090; x_wconf 87' lang='lat' dir='ltr'>tendens</span> <span class='ocrx_word' id='word_1_234' title='bbox 606 3040 630 3089; x_wconf 89' lang='lat' dir='ltr'>in</span> <span class='ocrx_word' id='word_1_235' title='bbox 646 3051 670 3089; x_wconf 86' lang='lat' dir='ltr'>te</span> <span class='ocrx_word' id='word_1_236' title='bbox 688 3038 727 3089; x_wconf 91' lang='lat' dir='ltr'>sua</span> <span class='ocrx_word' id='word_1_237' title='bbox 740 3037 856 3097; x_wconf 89' lang='lat' dir='ltr'>brachia,</span> <span class='ocrx_word' id='word_1_238' title='bbox 870 3034 949 3098; x_wconf 56' lang='lat' dir='ltr'>dixin</span> 
     </span>
     <span class='ocr_line' id='line_1_37' title="bbox 279 3110 845 3175; baseline 0 -12"><span class='ocrx_word' id='word_1_239' title='bbox 279 3111 331 3164; x_wconf 83' lang='lat' dir='ltr'>Cur</span> <span class='ocrx_word' id='word_1_240' title='bbox 344 3114 396 3167; x_wconf 81' lang='lat' dir='ltr'>sine</span> <span class='ocrx_word' id='word_1_241' title='bbox 412 3131 471 3175; x_wconf 87' lang='lat' dir='ltr'>me,</span> <span class='ocrx_word' id='word_1_242' title='bbox 491 3132 534 3167; x_wconf 91' lang='lat' dir='ltr'>cur</span> <span class='ocrx_word' id='word_1_243' title='bbox 550 3114 585 3166; x_wconf 87' lang='lat' dir='ltr'>sic</span> <span class='ocrx_word' id='word_1_244' title='bbox 601 3114 756 3166; x_wconf 88' lang='lat' dir='ltr'>incomitatus</span> <span class='ocrx_word' id='word_1_245' title='bbox 772 3110 845 3165; x_wconf 72' lang='lat' dir='ltr'>abis?</span> 
     </span>
    </p>
   </div>
   <div class='ocr_carea' id='block_1_4' title="bbox 0 0 1234 3892">
    <p class='ocr_par' dir='ltr' id='par_1_20' title="bbox 0 0 1234 3892">
     <span class='ocr_line' id='line_1_38' title="bbox 0 0 1234 3892; baseline 0 0"><span class='ocrx_word' id='word_1_246' title='bbox 0 0 1234 3892; x_wconf 95' lang='lat' dir='ltr'> </span> 
     </span>
    </p>
   </div>
  </div>
 </body>
</html>
