2392 3892
263 428 338 501 290
390 406 598 475 Orrnrr
629 401 880 474 Nasonis

263 529 324 580 Haec
339 524 381 575 ubi
396 523 508 574 ventosas
525 523 616 573 suerint
629 523 719 572 siccata
735 540 780 589 per
796 542 887 585 auras,

299 601 377 650 Lenta
391 597 450 666 jube
465 597 544 647 scabri
560 597 654 663 frangat
668 596 739 645 asella
755 597 830 648 mola.
927 648 930 655 ,

261 673 313 733 Et,
335 689 388 738 quae
404 672 479 739 prima
496 669 586 719 cadunt
601 670 679 719 vivaci
696 686 787 719 cornua
803 687 899 732 cervo,

218 746 253 799 60
301 746 410 797 Contere
425 761 433 795 r
448 746 472 795 in
485 745 538 794 haec
549 743 618 793 solidi
629 742 693 793 sexta
704 742 759 792 sace
770 743 830 794 assis
846 760 897 798 eat.

263 820 365 886 Jamque
380 819 421 869 ubi
431 818 554 884 pulvereae
569 817 660 867 suerint
676 816 774 866 consusa
784 816 886 878 sarinae,

300 893 412 943 Protinus
429 892 453 940 in
468 891 552 940 cribris
570 890 649 939 omnia
664 906 738 939 cerne
753 890 831 940 cavis.

263 965 351 1033 Adjice
365 964 473 1015 Narcissi
488 964 525 1015 bis
542 964 583 1015 sex
598 964 651 1012 sine
668 958 760 1013 tetrice
778 963 887 1025 bulbos,

300 1040 403 1090 Strenua
419 1054 480 1104 quos
497 1054 558 1103 puro
576 1053 694 1085 marmore
710 1036 795 1085 dextra
812 1049 898 1089 terat:

219 1113 252 1177 65
265 1110 454 1176 Sextantemque
468 1111 548 1159 trahat
559 1109 647 1175 gummi
664 1125 718 1158 cum
730 1108 821 1159 semine
831 1111 939 1163 Thusco.

300 1185 354 1233 Huc
365 1184 449 1233 novies
464 1194 533 1231 tanto
544 1183 598 1248 plus
609 1180 653 1231 tibi
663 1182 740 1231 mellis
752 1194 801 1232 eat.

263 1257 427 1322 Quaecumque
445 1253 535 1305 afficiet
552 1255 596 1303 tali
611 1254 769 1305 medicamine
786 1257 902 1316 vultum,

301 1329 412 1398 Fulgebit
427 1328 526 1394 speculo
543 1328 628 1378 laevior
643 1327 691 1393 ipsa
706 1327 758 1379 suo.

262 1406 318 1454 Nec
333 1416 359 1452 tu
374 1403 493 1467 pallentes
509 1401 591 1450 dubita
607 1413 700 1450 terrere
716 1401 832 1466 lupinos,

218 1493 253 1542 70
301 1477 333 1525 Et
348 1476 417 1525 simus
432 1474 542 1524 inflantes
557 1489 662 1540 corpora
676 1473 737 1540 frige
754 1474 832 1525 sabas.

235 1543 240 1550 ¹
264 1552 373 1615 Utraque
389 1548 429 1597 sex
444 1548 569 1604 habeant,
587 1563 658 1612 aequo
674 1546 830 1607 discrimine,
849 1548 940 1602 libras:

299 1621 408 1687 Utraque
424 1620 454 1670 da
470 1621 544 1688 nigris
559 1619 743 1669 comminuenda
759 1621 840 1671 molis.

261 1697 318 1747 Nec
332 1691 422 1744 cerussa
437 1693 501 1752 tibi,
522 1709 567 1743 nec
582 1693 638 1743 nitri
654 1692 734 1758 spuma
751 1694 861 1746 rubentis

299 1767 392 1825 Desit,
416 1767 442 1819 bc
459 1766 556 1834 lllyrici
572 1782 625 1832 quae
640 1766 707 1815 venit
724 1765 765 1815 iris
782 1766 868 1817 humo.
902 1784 905 1787 ·

218 1852 251 1903 75
262 1841 303 1891 Da
318 1840 400 1889 validis
414 1838 530 1904 juvenum
547 1839 638 1903 pariter
652 1837 780 1904 subigenda
795 1839 913 1893 lacertis:

209 1921 212 1929 ¹
299 1911 347 1961 Sed
364 1910 448 1976 justum
464 1911 527 1959 tritis
544 1909 615 1959 uncia
632 1910 727 1975 pondus
744 1911 800 1962 erit.

245 1979 352 2038 'Addita
367 1982 397 2033 de
412 1985 514 2049 querulo
528 1983 655 2032 volucrum
669 1983 830 2035 medicamina
846 1986 905 2038 nido

300 2058 354 2108 Ore
372 2056 455 2125 sugant
472 2058 578 2107 maculas
594 2072 602 2107 t
617 2056 761 2123 Halcyonsa
777 2073 877 2111 vocant.

263 2131 394 2189 Pondere,
412 2131 432 2180 si
447 2131 551 2197 quaeris,
569 2146 617 2195 quo
632 2130 677 2179 sim
694 2143 825 2181 contentus
843 2132 868 2181 in
885 2133 947 2193 illis;

220 2201 254 2253 80
300 2204 375 2268 Quod
391 2205 465 2253 trahit
480 2204 505 2252 in
521 2215 604 2269 partes
617 2203 689 2252 uncia
704 2202 770 2253 sexta
787 2204 857 2254 duas.

263 2280 299 2331 Ut
317 2277 422 2335 cubant,
442 2276 547 2343 apteque
562 2275 604 2325 lini
616 2292 661 2341 per
678 2292 781 2342 corpora
796 2278 913 2345 possint,

299 2349 388 2415 Adjice
405 2350 435 2399 de
452 2350 519 2398 flavis
536 2348 620 2399 Attica
636 2351 707 2399 messa
722 2349 792 2400 savis.

264 2423 381 2488 Quamvis
395 2436 448 2472 tura
466 2423 537 2471 Deos
553 2423 662 2487 irataque
678 2424 774 2472 numina
792 2424 912 2491 placent3

300 2496 356 2545 Non
371 2507 451 2544 tamen
464 2492 573 2543 accensis
588 2494 668 2543 omnia
685 2495 761 2545 danda
775 2497 851 2552 focis.

219 2567 252 2630 85
263 2569 315 2620 Tus
330 2567 371 2618 ubi
385 2567 505 2617 miscueris
520 2565 614 2616 radenti
629 2568 715 2617 tubera
729 2569 794 2619 nitro
807 2586 817 2630 ς

300 2642 449 2692 Ponderibus
464 2639 529 2707 justis
545 2639 583 2690 fac
597 2641 629 2690 sit
643 2639 763 2708 utrimque
778 2643 866 2695 triens.

263 2716 335 2767 Parte
351 2716 428 2766 minus
445 2713 529 2781 quarti
544 2713 671 2785 dereptum
688 2716 780 2766 cortice
797 2716 905 2785 gummi,

301 2790 310 2812 '
323 2789 354 2838 Et
365 2788 484 2838 modicum
495 2805 509 2837 e
519 2788 622 2855 myrrhis
631 2790 757 2856 pinguibus
768 2789 831 2840 adde
840 2792 938 2843 cubum·

264 2860 326 2911 Haec
339 2862 382 2911 ubi
395 2860 526 2919 conttiris,
544 2878 588 2929 per
604 2862 675 2912 densa
691 2862 807 2913 foramina
823 2879 918 2915 cerne:

219 2943 254 2997 90
301 2933 381 2985 Pulvis
397 2937 427 2985 ab
444 2936 521 2984 infuso
537 2937 610 2985 melle
626 2937 771 3001 premendus
786 2936 846 2987 erit.

263 3003 359 3056 Profuit
369 3009 394 3058 δι
404 3008 536 3057 marathros
546 3010 610 3058 bene
622 3010 742 3058 olentibus
752 3007 842 3059 addere
853 3009 948 3079 myrrhi-

300 3076 415 3146 Quinque
423 3081 865 3151 trahantmararhriscrupula,myrrha
874 3101 948 3136 novet
