2392 3892
279 668 332 743 50
386 646 429 718 P.
460 644 651 715 Or'rnrr
677 643 898 715 NAsou'rs

280 770 345 818 Nate
356 800 363 825 ,
373 783 457 833 parum
464 765 533 815 fausti
541 765 674 816 miserabile
682 765 769 833 pignus
777 767 865 818 amoris
875 801 884 828 ,

315 841 379 890 Haec
390 840 433 890 tibi
441 839 516 905 prima
527 838 593 898 diet,
605 839 657 888 haec
666 839 710 888 tibi
723 839 810 889 summa
820 840 876 891 fuit.

220 931 230 966 1
240 929 248 967 ι
255 930 269 980 5
280 916 338 965 Non
347 914 405 963 mihi
414 926 440 963 te
450 912 518 963 licuit
527 911 640 979 lacrymis
650 912 797 978 perfundere
806 911 876 978 justis
886 929 896 966 t

314 990 343 1038 ln
353 1001 394 1037 tua
405 1003 454 1036 non
462 985 542 1037 tonsas
551 986 616 1036 ferte
629 986 736 1051 sepulcra
746 1001 837 1037 comas.

277 1063 335 1112 Non
346 1062 415 1127 super
425 1059 522 1110 incubui
533 1075 541 1109 t
551 1076 601 1109 non
614 1059 695 1109 oscula
704 1059 789 1127 frigida
798 1058 891 1127 carpsi.
937 1106 939 1109 .

315 1135 439 1201 Diripiunt
448 1133 525 1184 avidae
537 1133 630 1184 viscera
637 1132 716 1183 nostra
725 1132 794 1183 lerae.

278 1209 330 1275 lpla
340 1224 436 1276 quoque
445 1207 548 1259 infantes
559 1224 614 1258 cum
623 1207 724 1257 vulnere
735 1205 868 1273 prosequar
876 1207 940 1258 umbt

218 1298 226 1336 1
237 1299 270 1335 20
317 1284 371 1332 Nec
380 1294 456 1332 mater
466 1282 537 1330 fuero
546 1280 621 1337 dieta,
634 1296 680 1329 nec
690 1281 750 1329 orba
758 1279 810 1328 diu.

278 1358 318 1408 Tu
327 1352 539 1412 tamemofmstra
547 1352 638 1402 misere
648 1353 741 1417 sperate
751 1351 845 1411 sorori,

316 1427 418 1493 Sparsa,
429 1441 537 1492 precor,
553 1425 604 1476 nati
612 1425 701 1492 collige
709 1426 815 1474 membra
827 1426 863 1476 tui
874 1443 883 1479 t

277 1502 310 1552 Et
318 1501 385 1554 refer
393 1500 530 1549 admatrem
538 1532 547 1558 ,
556 1499 671 1565 socioque
681 1500 777 1564 impone
788 1498 917 1565 sepulcro=

314 1575 430 1640 Urnaque
440 1589 485 1624 nos
494 1574 597 1630 habeat,
608 1572 738 1640 quamlibet
751 1571 834 1631 arlia,
847 1573 918 1624 duos.

220 1663 266 1715 125
278 1648 345 1702 Vive
355 1664 447 1697 memor
458 1647 529 1697 nostri
539 1681 546 1705 ,
556 1649 723 1714 lacrymasque
732 1646 757 1694 in
767 1645 870 1697 vulnera
878 1647 940 1697 fund·

314 1723 385 1771 Neve
396 1720 524 1777 reformida
533 1736 622 1786 corpus
634 1719 733 1767 amantis
743 1735 835 1769 amans.

281 1794 356 1860 [Tu.
368 1810 445 1861 rogo,
457 1792 572 1858 projeetae
583 1790 679 1841 nimium
688 1791 798 1840 mandata
812 1790 901 1844 sororis

315 1867 418 1925 Perfer,
431 1865 665 1932 mandatis-perfruar
674 1864 837 1948 imarum]

313 1973 937 2052 u—ssssl'oe

405 2090 751 2161 EPISTOLA
792 2096 880 2160 XII.

421 2219 598 2279 Mense
642 2221 846 2284 Jrsorcr.

282 2306 373 2429 Ατ
382 2370 426 2423 tibi
436 2373 603 2436 Colchorum,
613 2374 709 2426 memini
719 2413 728 2434 ,
739 2377 820 2445 regina
828 2374 912 2428 vacavi
926 2412 935 2439 ,

316 2447 364 2499 Ars
375 2465 428 2499 mea
438 2482 446 2509 ,
455 2449 508 2501 etim
517 2464 633 2518 peteres,
644 2464 672 2501 ut
683 2452 726 2501 tibi
736 2452 812 2501 ferret
823 2466 907 2515 opem.

282 2519 369 2581 Tunc,
380 2539 433 2588 quae
443 2524 576 2591 dispensant
585 2525 695 2574 mortalia
703 2524 743 2573 fila
754 2557 762 2582 ,
772 2525 868 2575 sorores

282 2627 285 2632 <
318 2593 462 2646 Debuerant
471 2597 536 2647 fusos
545 2596 660 2646 evoluiffe
670 2612 746 2645 meos.

259 2680 271 2728 5
284 2664 434 2732 Tuncpotui
444 2668 533 2719 Medea
542 2670 604 2719 mori
612 2670 691 2718 bene:
703 2665 815 2736 quicquid
824 2668 855 2716 ab
866 2667 911 2721 illo

319 2736 423 2789 Produxi
442 2753 492 2791 me
503 2754 612 2807 tempore
620 2774 628 2799 ,
636 2757 708 2807 poena
717 2741 772 2790 fuit.

282 2810 331 2862 Hei
340 2812 396 2862 mihi
407 2812 413 2861 l
426 2827 469 2863 cur
481 2830 583 2881 unquam
592 2813 736 2879 juvenilibus
747 2814 797 2864 alla
806 2814 906 2869 lacertis

320 2884 454 2955 Phryxeum
464 2888 535 2953 petiit
543 2886 622 2938 Pelias
631 2889 703 2939 arbor
712 2905 782 2940 ovem
793 2886 805 2939 ἓ

284 2957 335 3010 Gur
344 2977 447 3029 unquam
456 2960 544 3013 Colchi
551 2961 692 3031 Mugtietida
700 2963 802 3014 vidimus
811 2961 879 3029 Argo
889 2958 901 3011 l

243 3043 276 3108 1⁸0
321 3032 452 3103 Turbaque
462 3034 598 3089 Phasiacam
610 3035 686 3102 Graia
694 3037 781 3089 bibistis
789 3033 894 3102 aquam?

284 3103 335 3155 Cur
343 3108 463 3175 mihiplus
472 3127 544 3178 aequo
555 3112 612 3164 flevi
622 3114 736 3179 placuere
748 3109 844 3177 capilli,

300 3235 310 3242 ,
320 3178 351 3229 Et
359 3180 450 3242 decor,
462 3184 488 3234 &
497 3186 584 3253 lingue
594 3186 671 3253 gretia
679 3183 733 3234 fleu
741 3178 809 3232 tuae?
852 3199 860 3208 ²

284 3248 353 3311 Aut,
363 3254 573 3308 lemelinmostrrs
582 3256 695 3324 quoniam
706 3271 770 3320 nove
785 3255 872 3324 puppis
888 3270 940 3307 ater

320 3324 809 3400 veneratmuummulerarqurviros,
865 3395 869 3402 ι
