2392 3892
284 467 310 476 ··
354 442 747 511 Consornrro.
844 464 919 537 309

205 561 286 630 Atque
304 560 391 626 aliquis
408 560 438 609 de
455 561 544 625 plebe,
562 561 615 625 pins
631 576 676 625 pro
692 576 799 625 paupere
815 578 891 622 nato,

240 634 374 685 sustulerat
389 633 484 682 timidas
500 634 579 683 sidera
593 633 624 682 ad
641 634 689 683 alta
706 649 809 684 manus:

205 708 308 775 Jamque
319 718 478 773 precaturus,
488 705 555 769 Quid
565 723 613 773 ego
623 719 706 755 autern
715 706 840 767 credulus,
853 708 945 776 inquit,

242 780 373 846 suscipiam
390 780 416 829 in
431 780 511 829 nullos
528 778 595 829 irrita
610 790 669 829 vota
683 777 779 828 Deos?

206 854 293 913 Livia,
311 870 364 904 non
379 853 435 902 illos
451 869 496 919 pro
511 851 593 901 Druso
609 851 677 901 Livia
693 852 789 903 movit:
931 868 979 919 195

243 928 297 976 Nos
316 926 405 975 erimus
421 942 508 992 magno
524 924 625 975 maxima
640 941 698 975 cure
712 923 793 977 lovi?

208 1000 278 1052 Dixit
293 1015 303 1049 ι
320 998 346 1048 &
362 997 436 1048 iratus
450 1012 509 1048 vota
525 997 658 1064 insuscepta
673 999 790 1065 reliquit3

242 1072 399 1135 Duravitque
417 1073 538 1129 animum,
558 1069 711 1137 destituitque
725 1088 822 1137 preces.

210 1145 292 1197 Obvia
309 1144 381 1193 turba
397 1144 463 1202 tuit,
477 1145 637 1211 lacrymisque
653 1145 784 1212 rigantibus
801 1163 863 1207 ota,

245 1216 360 1267 Consulis
375 1217 454 1283 erepti
468 1218 561 1282 publica
577 1218 662 1267 damna
677 1219 764 1269 refert.
930 1233 983 1269 200

211 1290 332 1343 Omnibus
350 1288 415 1338 idern
432 1291 516 1348 oculi;
536 1307 578 1355 par
593 1290 627 1339 est
642 1292 774 1340 concordie
789 1292 874 1341 flendi.

246 1362 348 1413 Funeris
365 1362 482 1428 exsequiis
498 1362 606 1411 adsumus
623 1364 699 1412 omnis
713 1362 804 1429 Eques.

210 1435 298 1489 Omnis
315 1434 381 1484 adest
397 1448 455 1485 etas
473 1451 481 1485 z
499 1446 600 1485 maerent
615 1433 765 1501 juvenesque
784 1437 921 1503 senesque3

247 1507 360 1558 Ausoniae
377 1521 485 1565 matres,
505 1508 668 1574 Ausoniaeque
684 1525 767 1559 nurus.

209 1580 373 1646 Auaorisque
389 1580 424 1631 sui
439 1581 567 1647 prefertur
579 1581 682 1649 imagine
699 1581 797 1641 maesti,
931 1597 982 1645 205

248 1654 312 1718 Quae
328 1652 413 1703 victrix
425 1654 521 1719 templis
538 1654 619 1704 debita
633 1657 713 1705 laurus
730 1668 793 1705 erat.

209 1728 301 1780 Cettat
316 1742 377 1777 onus
392 1726 447 1776 leui
462 1726 578 1793 generosa
595 1726 673 1777 subire
688 1727 821 1793 juventute

247 1799 282 1849 Et
297 1798 375 1849 studet
392 1797 474 1848 officio
492 1798 574 1848 sedula
592 1802 656 1849 colla
672 1800 739 1850 dare.

211 1872 245 1929 Et
259 1888 325 1922 voce
342 1872 368 1922 bt
385 1871 497 1939 lacrymis
512 1872 629 1931 laudasti,
645 1872 743 1930 Cesar,
761 1874 901 1936 alumnum

249 1944 337 1994 Tristia
352 1942 406 1994 crim
421 1946 512 1995 medius
526 1958 650 2011 rumperet
665 1946 718 1997 orsa
734 1947 814 1999 dolor.
932 1961 985 1999 210

202 2018 255 2069 ·Tu
269 2018 345 2067 letum
359 2018 464 2084 optasti,
482 2017 529 2067 Dis
543 2019 707 2068 aversantibus
722 2036 813 2078 omen,

250 2089 297 2142 Par
313 2089 356 2140 tibi
372 2106 379 2140 ε
395 2090 416 2139 si
431 2091 539 2140 sinerent
555 2102 581 2139 te
596 2103 639 2138 tua
654 2090 704 2139 fata
719 2091 790 2139 mori.

210 2164 263 2216 Sed
280 2163 324 2213 tibi
339 2163 441 2214 debetur
459 2162 547 2211 coelum
562 2178 571 2211 z
585 2173 632 2222 te,
650 2161 750 2211 fulmine
764 2162 877 2228 pollens,

249 2234 366 2301 Accipiet
382 2236 461 2301 cupidi
477 2236 541 2303 regia
557 2253 642 2302 magna
656 2234 734 2286 lovis.

213 2307 292 2374 Quod
303 2308 373 2373 petiit
383 2342 391 2367 ,
401 2309 457 2359 tulit
466 2309 507 2358 ille
519 2325 527 2367 ς
539 2308 584 2357 tibi
594 2320 622 2358 ut
632 2308 671 2357 sua
680 2308 741 2357 facia
751 2309 876 2374 placerent
887 2323 895 2358 t
934 2320 985 2371 215

250 2380 390 2447 Magnaque
404 2382 513 2433 laudatus
529 2380 625 2446 praernia
639 2382 723 2431 mortis
737 2382 818 2431 habet.

213 2454 370 2519 Arriamque
385 2471 469 2522 rogum
487 2455 612 2512 celebrant
629 2454 659 2503 de
676 2471 744 2504 more
761 2456 896 2507 cohortes:

252 2527 284 2576 Et
301 2527 375 2590 pedes
392 2528 521 2593 exsequias·
530 2527 611 2579 reddit
627 2545 752 2594 equesque
769 2529 833 2579 duci.

215 2598 256 2652 Te
273 2600 380 2650 clamore
394 2615 484 2651 vocant
500 2601 636 2666 iterumque
651 2601 787 2667 iterumque
804 2603 932 2669 supremo:

252 2670 288 2721 At
304 2688 354 2722 vox
368 2672 475 2722 adversis
492 2675 594 2723 collibus
612 2675 657 2723 tua
671 2674 745 2724 redit.
935 2687 988 2722 220

214 2744 271 2811 lpse
287 2756 357 2810 pater
373 2743 441 2793 ssavis
457 2744 586 2796 Tiberinus
601 2747 721 2797 inhorruit
736 2743 826 2797 undis:

253 2814 395 2866 Sustulit&
412 2817 491 2866 medio
505 2820 598 2869 nubilus
615 2838 684 2870 amne
703 2830 784 2884 caput.

217 2887 284 2952 Tum
295 2888 368 2939 salice
378 2887 505 2953 implexum
517 2923 525 2948 ,
536 2892 666 2959 muscoque
679 2891 831 2943 &arundine
843 2924 851 2951 ,
863 2889 952 2942 crinem

256 2962 370 3012 Caeruleo
388 2961 472 3028 magni
486 2962 545 3029 legit
562 2965 592 3012 ab
607 2982 652 3016 ore
668 2983 748 3016 manu.

218 3032 389 3100 Uberibusque
406 3036 482 3085 oculis
498 3037 655 3101 lacrymarum
670 3039 767 3089 flumina
782 3037 862 3091 misit:
936 3049 986 3099 225

257 3105 309 3168 ,vix
324 3109 386 3175 capit
402 3109 506 3181 adjeilas
520 3110 604 3162 alveus
619 3112 684 3180 altus
698 3126 781 3180 aquas.
