2392 3892
289 324 567 396 Hrnornrs.
593 329 664 395 Er.
688 327 787 396 XIX.
829 348 898 401 101

196 442 234 496 Ut
249 443 320 497 semel
336 446 435 498 intravit
450 445 558 497 Colchos
574 443 698 512 Pagasaeus
713 444 802 503 lason,
913 459 945 507 17
950 459 963 506 5

233 518 369 585 Impositam
385 520 461 569 celeri
478 517 579 569 Phasida
596 534 678 585 puppe
693 517 759 566 tulit.
833 535 835 539 ·

198 590 233 641 Ut
250 592 321 642 semel
337 593 416 643 ldaeus
432 592 608 642 Lacedaemona
624 591 692 640 venit
708 590 822 648 adulter,

234 664 296 714 Cum
312 667 392 731 praeda
411 665 484 714 rediit
503 665 614 728 protinus
630 665 670 713 ille
689 662 740 712 sua.

198 735 254 795 Tu,
266 741 336 805 quam
347 739 408 803 saepe
418 737 482 801 petis
494 736 558 799 quod
568 752 632 784 amas
643 770 651 793 ,
661 749 711 785 tam
721 736 782 800 saepe
791 732 903 801 relinquis
915 752 922 785 r
1008 794 1010 798 Α

232 810 263 859 Et
282 810 381 875 quoties
400 824 474 875 grave
493 806 520 856 fit
538 808 655 874 puppibus
672 809 727 867 ire,
747 819 825 857 natas.
906 806 968 858 ¹180

198 881 235 931 Sic
253 894 358 938 tamen,
374 879 391 930 ὃ
406 879 519 947 juvenis,
535 881 677 931 tumidarum
693 880 770 931 vietor
782 895 914 947 aquarum,

232 955 275 1003 Sic
294 953 369 1003 facito
386 953 499 1019 spernas,
518 966 546 1003 ut
562 970 682 1013 vereare,
701 954 800 1005 fretum.

196 1026 260 1077 Arte
277 1026 391 1096 laborate
406 1026 533 1077 vincuntur
549 1029 579 1077 ab
595 1044 693 1093 aequore
708 1042 822 1095 puppes:

232 1100 273 1148 Tu
293 1109 334 1148 tua
350 1101 402 1164 plus
417 1099 489 1150 remis
505 1101 603 1150 brachia
618 1099 683 1165 polle
699 1098 795 1165 putes?

198 1171 271 1236 Quod
284 1172 365 1238 cupis,
375 1173 423 1221 hoc
434 1184 514 1221 nautae
525 1184 652 1229 metuunt,
663 1172 772 1221 Leandre
781 1205 789 1231 ,
798 1184 881 1223 natare
892 1189 900 1223 t
919 1172 967 1234 185

233 1245 318 1295 Exitus
336 1245 376 1293 hic
394 1245 473 1294 fratlis
490 1244 609 1310 puppibus
628 1243 675 1294 ell'e
690 1244 761 1294 solet.

197 1318 241 1368 Me
251 1317 360 1368 miseram
374 1316 381 1366 l
396 1317 468 1384 cupio
478 1333 527 1366 non
537 1317 682 1383 persuadere
693 1349 701 1374 ,
711 1316 777 1383 quod
786 1316 872 1366 horter
883 1332 890 1365 ε

233 1392 320 1457 Sisque
340 1406 429 1458 precor
447 1390 543 1441 monitis
559 1391 648 1442 fortior
661 1389 711 1456 ipse
727 1389 809 1447 meis,

197 1465 337 1520 Dummodo
352 1464 500 1529 pervenias,
518 1464 661 1529 excussaque
676 1463 739 1529 saepe
755 1478 800 1528 pet
814 1461 889 1511 undas

231 1536 331 1603 injicias
346 1538 451 1587 humeris
468 1538 564 1586 brachia
580 1537 635 1587 laffa
650 1536 719 1587 meis.
885 1554 888 1559 ·
922 1546 971 1596 190

198 1610 246 1662 Sed
263 1611 342 1668 mihi,
361 1611 475 1660 caeruleas
489 1611 585 1676 quoties
601 1612 718 1660 obvertor
733 1610 763 1658 ad
779 1608 875 1667 undas,

232 1683 324 1733 Nescio
341 1700 394 1749 quae
412 1683 524 1750 pavidum
542 1684 632 1751 frigore
649 1682 732 1749 pellus
751 1683 850 1732 habent.

196 1758 251 1822 Nec
268 1757 345 1806 minus
361 1756 475 1808 hesternae
490 1757 626 1806 confundor
642 1756 746 1823 imagine
762 1754 860 1813 nouis,

234 1829 354 1892 Quamvis
370 1828 402 1879 est
419 1829 488 1879 sacris
504 1831 544 1880 illa
561 1831 626 1896 piata
640 1830 709 1880 meis.

197 1903 309 1968 Namque
326 1902 368 1951 sub
381 1901 493 1961 Aurora,
508 1904 554 1969 jam
572 1903 716 1953 dormitante
733 1898 852 1957 luceml,
920 1912 968 1960 195

235 1972 355 2039 (Somnia
372 1991 420 2039 quo
433 1976 503 2031 cerni
517 1988 628 2041 tempore
642 1991 702 2023 vera
716 1974 813 2028 solent,
826 1972 837 2036 )
863 1976 867 1983 “

197 2048 305 2098 Stamina
322 2047 352 2096 de
371 2046 450 2111 digitis
467 2048 579 2096 cecidere
596 2048 683 2110 sopore
700 2044 825 2100 remissis,

235 2121 357 2186 Collaque
375 2118 474 2184 pulvino
490 2118 568 2167 nostra
585 2116 686 2167 ferenda
698 2115 763 2165 dedi.

197 2193 247 2244 Hic
265 2209 314 2261 ego
330 2191 442 2243 ventosas
457 2203 555 2242 nantem
571 2190 684 2256 delphina
700 2184 746 2255 pei
755 2186 837 2237 undas

235 2266 347 2315 Cernere
364 2282 412 2316 non
430 2264 500 2315 dubit
515 2265 564 2315 sum
580 2263 637 2314 mihi
651 2262 699 2313 visa
713 2260 774 2312 fide:
919 2274 973 2309 200

197 2338 300 2403 Quem,
316 2337 438 2404 postquam
453 2338 539 2389 bibulis
555 2338 623 2388 illisit
638 2333 837 2396 llutlusmrenis,

234 2412 310 2461 Unda
326 2411 396 2461 simul
411 2411 521 2462 miserum
535 2412 634 2478 vitaque
650 2410 764 2459 deseruit.

197 2483 323 2551 Quicquid
337 2484 362 2533 id
376 2483 428 2542 est,
448 2484 521 2534 timeo
535 2500 543 2535 t
558 2501 605 2534 nec
620 2496 647 2533 tu
662 2498 716 2532 mee
729 2479 819 2532 somnia
835 2477 887 2529 ride
900 2493 909 2535 ς

234 2558 290 2607 Nec
306 2556 352 2606 nisi
365 2557 494 2621 tranquillo
509 2557 607 2606 brachia
624 2555 698 2605 crede
712 2554 782 2603 mari.

195 2631 222 2681 si
237 2629 283 2679 tibi
299 2646 350 2679 non
367 2628 462 2693 parcis,
482 2628 573 2677 diletlae
588 2643 662 2692 parce
679 2626 786 2692 puellae:
919 2638 968 2687 205

233 2702 299 2766 Quae
315 2716 463 2765 numquam,
483 2699 528 2749 nisi
546 2710 572 2747 te
590 2698 697 2762 sospite,
714 2695 793 2761 sospes
808 2692 864 2748 erit.
929 2721 932 2725 ·

195 2778 260 2843 Spes
276 2788 358 2825 tamen
372 2774 406 2823 est
424 2771 502 2822 fractis
516 2770 603 2820 vicinae
619 2768 686 2835 pacis
702 2768 727 2817 in
744 2766 822 2818 undis.

233 2849 300 2897 Tum
315 2848 421 2915 placidas
438 2858 493 2895 tuto
509 2844 609 2909 pellore
623 2840 687 2891 finde
702 2841 764 2892 vias.

195 2923 316 2978 interea,
336 2920 401 2969 nanti
416 2918 526 2986 quoniam
543 2917 607 2967 freta
620 2915 703 2981 pervia
716 2931 765 2966 non
779 2912 853 2974 sunt,

233 2994 323 3046 Leniat
338 2992 423 3045 invisas
439 2993 509 3045 litera
525 2990 589 3042 milla
606 3006 695 3043 motas.
802 3058 861 3111 E¹¹
919 2998 972 3035 210

837 3076 863 3125 ll]
