2392 3892
314 430 389 523 236
439 430 648 500 Orrnrr
673 430 927 501 anorrrs

312 548 374 611 Quis
389 546 487 597 Cereris
503 546 562 598 ritus
578 550 640 601 ausit
653 551 752 617 vulgare
766 550 895 615 profanis,

347 620 486 687 Magnaque
500 622 618 672 Threicii
631 622 696 672 sacra
709 635 806 688 reperta
822 620 920 672 Samo?

310 692 405 761 Exigua
420 694 453 743 eu
467 695 560 753 virtus,
579 696 689 761 praellare
704 696 798 745 silentia
812 697 907 745 rebus:

347 767 382 816 At
398 780 484 817 contra
499 769 577 835 gravis
592 768 626 818 est
641 770 728 835 culpa,
745 768 848 817 tacenda
865 765 943 833 loqui.

249 837 338 903 6050
355 838 363 887 l
376 840 460 899 bene,
477 842 561 906 quod,
579 841 662 890 frustra
679 841 779 907 captatis
794 841 882 890 arbore
899 840 999 907 pomis,
1017 895 1020 902 ,

350 912 467 965 Garrulus
484 914 509 963 in
524 914 604 964 media
617 914 736 964 Tantalus
752 925 804 963 aret
819 913 905 978 aquil

312 983 436 1052 Praecipue
452 986 574 1054 Cytherea
588 986 658 1052 jubet
673 987 712 1037 sua
728 987 793 1035 sacra
808 985 896 1035 taceri.

348 1057 498 1117 Admoneo,
513 1060 596 1109 veniat
610 1076 642 1108 ne
659 1060 711 1125 quis
727 1059 757 1107 ad
774 1060 813 1107 illa
830 1060 934 1124 loquax.

312 1130 418 1182 Condita
433 1133 453 1181 si
469 1147 518 1180 non
534 1132 588 1181 sunt
601 1132 707 1181 Veneris
723 1131 833 1198 mysteria
850 1132 935 1189 cistis,

249 1202 301 1253 610
347 1204 401 1253 Nec
416 1220 473 1251 cava
490 1203 581 1253 vesanis
598 1203 682 1253 idibus
697 1221 744 1254 aera
760 1204 863 1262 sonant3

309 1274 425 1325 Attamen
441 1276 504 1325 inter
522 1293 566 1325 nos
583 1276 663 1326 medio
680 1277 805 1327 versantur
821 1277 846 1324 in
860 1276 926 1326 usu:

347 1348 387 1398 Sic
401 1360 502 1407 tamen,
519 1350 583 1399 inter
599 1365 645 1399 nos
659 1362 687 1399 ut
701 1349 792 1399 latuille
807 1350 897 1398 velint.

310 1419 364 1487 lpsa
379 1423 465 1473 Venus
480 1423 587 1487 pubem,
605 1424 701 1487 quoties
717 1421 834 1471 velamina
852 1421 944 1487 ponit,

347 1492 486 1562 Protegitur
502 1495 562 1545 lava
578 1495 731 1545 semireduiia
748 1512 828 1544 manu.

248 1564 300 1629 615
311 1566 339 1616 ln
350 1568 430 1617 medio
443 1569 578 1634 passimque
595 1567 649 1618 coit
665 1585 739 1634 pecus
753 1569 818 1617 :hoc
835 1583 935 1633 quoque
950 1566 1019 1627 viso,

347 1639 445 1689 Avertit
460 1642 541 1689 vultus
558 1641 621 1707 saepe
638 1642 718 1705 puella
735 1641 798 1690 suos.

311 1711 469 1763 Conveniunt
483 1714 580 1762 thalami
596 1714 667 1762 furtis
684 1714 710 1763 δι
724 1712 795 1778 janua
810 1711 920 1763 nostris-z

348 1783 452 1850 Parsque
467 1786 507 1835 sub
523 1785 609 1848 injeiia
623 1785 687 1835 velle
703 1786 813 1850 pudenda
831 1787 905 1834 latet.

310 1856 343 1906 Et
358 1858 377 1906 si
394 1874 443 1906 non
460 1859 590 1915 tenebras,
608 1860 633 1906 a't
649 1858 759 1922 quiddam
776 1858 846 1906 nubis
864 1874 949 1922 opacae

248 1923 300 1974 620
347 1927 504 1992 Quaerimus;
522 1942 595 1993 atque
613 1929 702 1994 aliquid
718 1932 773 1979 luce
790 1942 892 1993 patente
908 1932 994 1979 minus.

264 1999 336 2050 Tunc
347 2018 453 2068 quoque,
462 1998 516 2051 cuim
526 2002 601 2050 solem
611 2002 717 2051 nondum
728 2002 871 2067 prohibebat
884 2003 909 2051 ὃ(
920 2004 1018 2051 imbrem

281 2069 290 2105 ²
346 2074 460 2141 Tegula,
478 2074 518 2124 sed
535 2091 638 2140 quercus
656 2075 718 2124 tedia
735 2075 862 2140 cibumque
881 2076 974 2133 dabat,

265 2146 294 2197 ln
305 2163 405 2197 nemore
416 2149 591 2214 atqueantris,
604 2164 653 2197 non
664 2148 705 2197 sub
715 2148 778 2201 Jove
789 2182 797 2207 ,
808 2148 888 2213 junlia
898 2148 1019 2213 voluptas.

346 2221 425 2271 Tanta
441 2222 495 2271 rudi
512 2223 603 2287 populo
621 2239 677 2272 cura
691 2222 789 2286 pudoris
806 2233 865 2270 erat.
924 2260 926 2264 .

248 2290 345 2355 6251st
360 2311 422 2344 nunc
439 2294 561 2345 nocturnis
577 2295 661 2344 titulos
676 2295 818 2359 imponimus
833 2293 909 2341 allis:

346 2366 429 2431 Atque
446 2367 533 2415 emitur
547 2384 635 2434 magno
651 2369 703 2425 nil,
720 2367 765 2416 nisi
783 2364 848 2431 poffe
863 2363 939 2429 loqui.

312 2437 412 2487 Scilicet
428 2439 537 2489 excuties
554 2456 637 2490 omnes
656 2441 800 2504 ubicumque
817 2439 929 2502 puellas,

348 2510 455 2559 Cuilibet
470 2523 497 2560 ut
515 2512 600 2569 dicas,
616 2513 677 2561 Haec
692 2527 788 2577 quoque
803 2510 881 2559 nostra
897 2511 964 2561 fuit:

309 2583 350 2648 Ne
367 2582 466 2641 desint,
484 2597 586 2648 questu
602 2584 681 2653 digitis
697 2583 823 2633 ostendere
839 2582 940 2645 possis;
996 2631 998 2635 ,

249 2652 303 2720 630
348 2656 385 2707 Ut
399 2674 516 2723 quamque
531 2658 658 2723 attigeris,
677 2657 756 2706 fabula
770 2654 847 2721 turpis
862 2656 918 2705 erit.

310 2729 387 2780 Parva
397 2747 487 2796 queror
497 2748 506 2789 ;
518 2729 611 2797 fingunt
622 2731 714 2797 quidam
725 2763 733 2787 ,
749 2747 803 2795 quae
814 2745 872 2778 vera
882 2743 1019 2795 negarent,

347 2803 380 2852 Et
396 2805 454 2853 nulli
471 2821 519 2853 uon
535 2805 559 2853 se
574 2803 725 2853 concubuill'e
742 2804 834 2851 lerunt.

311 2874 422 2942 Corpora
433 2878 453 2926 si
462 2890 600 2942 nequeunt,
612 2894 664 2942 quae
675 2876 769 2942 poliunt
779 2873 888 2927 nomina,
899 2869 1020 2932 eradiant3
1033 2892 1036 2900 ·

348 2949 487 3015 Famaque,
505 2967 554 2999 non
570 2950 635 3000 nuo
649 2965 772 3014 corpore,
788 2946 877 2993 crimen
892 2942 976 2992 habet.

250 3015 323 3081 6351
339 3038 422 3077 nunc,
441 3023 525 3071 claude
542 3022 628 3080 fores,
647 3021 724 3071 custos
741 3015 823 3066 odiose
836 3046 847 3071 s
863 3015 975 3079 Puellaei

347 3092 381 3142 Et
396 3105 493 3144 centum
509 3095 574 3147 duris
589 3094 697 3161 postibus
710 3089 773 3142 obde
790 3087 864 3140 setae.
