2392 3892
253 450 418 532 ‘hiran
443 444 511 514 III.
535 396 819 552 EracrA'VJ.
848 475 927 549 179

246 578 891 653 c===ss=dffl=====w

383 698 753 764 ELEGIAVL

217 792 313 913 Ab(
322 871 361 909 tu
372 872 406 919 s,
427 860 581 911 arundinibus
595 860 690 911 limosas
706 860 786 910 obsite
801 860 882 929 ripas,

247 932 288 981 Ad
302 933 422 983 dominam
436 949 562 1000 proper03
580 933 633 983 siste
649 950 777 1000 parumper
792 951 874 1001 aquas.

214 1004 266 1055 Nec
281 1005 327 1055 tibi
341 1005 394 1058 sunt
410 1018 518 1071 pontes3
533 1023 597 1066 nec,
615 1023 666 1073 quae
681 1007 732 1057 sine
746 1008 841 1077 remigis
858 1009 924 1071 istu,

249 1078 366 1128 Concava
380 1079 481 1146 trajetbo
497 1081 582 1149 cymba
598 1079 702 1129 rudente
718 1081 800 1131 vehat.

215 1148 305 1202 Parvus
319 1166 394 1211 eras,
410 1152 507 1202 memini
525 1170 533 1204 a
549 1170 595 1203 nec
611 1166 636 1204 te
653 1154 755 1204 transire
771 1154 874 1223 refugi3
930 1172 943 1221 5

250 1224 395 1290 Summaque
409 1225 451 1275 vix
466 1227 529 1277 talos
547 1226 649 1293 contigit
665 1227 727 1276 unda
741 1244 818 1278 meos.

215 1296 370 1357 Numinis,
388 1298 501 1365 apposito
516 1299 609 1349 nivibus
624 1301 655 1347 de
670 1313 753 1350 monte
769 1301 874 1362 solutis3

248 1370 281 1421 Et
294 1371 361 1437 turpi
377 1370 461 1423 crassas
478 1372 571 1439 gurgite
586 1371 667 1421 volvis
682 1388 765 1437 aquas.

215 1441 280 1507 Quid
295 1444 432 1511 properall'e
448 1444 537 1510 juvati
556 1444 614 1511 quid
630 1460 702 1510 parca
717 1443 804 1493 dedilie
820 1446 895 1511 quieti

176 1538 180 1552 =
249 1515 395 1583 Tempora?
413 1519 470 1584 quid
484 1517 549 1568 notli
565 1514 707 1567 conseruiffe
723 1514 809 1566 diem?
929 1533 965 1569 ro

214 1588 239 1640 Si
254 1602 337 1639 tamen
350 1589 391 1641 hic
404 1589 530 1651 dandum3
549 1591 569 1640 si
583 1606 633 1639 non
648 1590 718 1638 daun
733 1590 825 1640 artibus
839 1591 895 1642 ullis

248 1662 359 1713 Ulterior
375 1662 457 1713 nostro
472 1664 523 1731 ripa
538 1662 669 1729 premenda
686 1662 751 1729 pedi.

215 1734 286 1785 Nunc
302 1752 371 1803 ego,
389 1752 445 1802 quas
459 1737 543 1788 habuit
558 1753 648 1803 pennas
664 1734 792 1785 Danaeius
804 1736 897 1795 heros,

250 1809 366 1859 Terribili
382 1809 481 1859 densum
496 1807 549 1860 crim
565 1810 620 1859 tulit
635 1825 713 1877 angue
729 1820 821 1875 caputt

215 1880 286 1931 Nunc
302 1894 363 1949 opto
380 1899 495 1942 currum,
512 1883 542 1932 de
560 1900 609 1949 quo
623 1882 734 1932 Cerealia
750 1880 852 1949 primum
931 1894 963 1945 ις

178 1960 180 1963 ’
251 1955 345 2004 Semina
358 1969 478 2006 venerunt
494 1957 519 2005 in
533 1956 594 2005 rude
610 1955 674 2005 miffa
690 1956 774 2005 solum.

217 2026 354 2096 Prodigiosa
371 2030 459 2095 loquor
475 2042 584 2078 veterum
600 2028 723 2079 mendacia
738 2042 839 2079 vatum:

252 2102 305 2150 Nec
321 2102 376 2152 tulit
391 2103 463 2161 haec,
483 2118 527 2150 nec
544 2102 613 2159 fert,
629 2117 677 2149 nec
692 2100 756 2150 feret
770 2102 820 2150 ulla
835 2100 899 2150 dies.

216 2172 255 2223 Tu
271 2173 371 2239 potius,
386 2174 445 2240 ripis
462 2172 534 2223 effuse
553 2173 679 2238 capacibus
696 2172 792 2231 amnis,

253 2242 320 2311 (Sic
338 2261 442 2299 aeternus
459 2263 500 2297 eas
519 2244 526 2295 !
546 2247 556 2313 )
572 2246 654 2294 labere
668 2243 716 2293 fine
731 2257 785 2296 tuo.
854 2284 858 2289 ,
932 2259 968 2293 ao

217 2318 274 2369 Non
290 2320 339 2371 eris
354 2321 468 2380 inridiae,
483 2332 597 2378 torrens,
615 2318 674 2368 mihi
689 2317 780 2376 crede,
798 2316 924 2376 ferendo,

251 2393 276 2441 Si
294 2393 359 2443 dicar
375 2410 419 2461 per
435 2407 462 2443 te
477 2392 541 2443 forte
557 2404 668 2443 retentus
684 2407 775 2441 amans.

219 2466 327 2517 Flumina
344 2466 462 2516 deberent
475 2464 576 2532 juvenes
594 2466 621 2515 in
636 2480 718 2513 amore
736 2463 843 2531 juvare:

254 2537 362 2589 Flumina
376 2538 497 2592 senserunt
510 2539 579 2605 ipsa,
596 2538 653 2606 quid
669 2537 726 2587 effer
742 2554 820 2591 amor.
952 2586 954 2590 ,

218 2612 322 2662 Inachus
339 2612 363 2660 in
379 2612 457 2661 Melie
472 2612 600 2679 Bithynide
617 2612 718 2676 pallidus
734 2609 775 2659 iffa
878 2650 881 2657 .
934 2621 969 2670 25

255 2682 372 2739 Dicitur,
393 2684 418 2732 ἃ
435 2684 517 2750 gelidis
535 2683 653 2733 incaluisse
670 2683 748 2732 vadis.

219 2754 335 2808 Nondum
351 2754 428 2819 Troja
445 2755 491 2804 fuit
506 2756 582 2805 lustris
601 2755 689 2806 obsess'a
705 2754 817 2810 duobus,

257 2828 319 2879 Cum
335 2828 414 2893 rapuit
428 2829 528 2884 vultus,
545 2827 644 2877 Xantho
655 2859 666 2886 ,
678 2827 770 2878 Neara
784 2838 851 2876 tuos.

221 2899 311 2966 Quid?
329 2919 378 2952 non
396 2900 511 2965 Alpheon
528 2900 628 2950 diversis
645 2897 744 2950 cutiae
757 2898 828 2949 tetris

257 2977 363 3045 Virginis
380 2974 489 3026 Arcadia
506 2986 587 3024 certus
603 2973 684 3044 adegit
700 2971 790 3023 amor?
936 2986 970 3039 30

223 3046 262 3096 Te
279 3065 373 3116 quoque
391 3047 523 3116 promissam
540 3048 659 3107 Xantho,
679 3046 779 3107 Pande,
797 3044 910 3098 Crefilam

261 3119 399 3175 Phthiotiun
413 3124 485 3176 terris
502 3121 631 3177 occuluilie
647 3123 738 3175 ferunt.
822 3192 847 3241 H
877 3188 885 3201 ,

860 3206 887 3256 a)
