2392 3892
279 434 353 526 258
406 433 616 504 Orrnrr
642 435 890 533 anorrrs

277 554 368 603 incitet
386 552 412 602 ὃ(
427 551 475 601 filli
492 551 562 602 tristis
580 552 685 602 custodia
702 554 782 613 servi,
877 609 879 613 Α

314 626 347 675 Et
363 623 462 674 nimitirn
477 624 530 675 duri
548 642 605 676 cura
621 626 719 676 molesta
733 628 790 677 viris

279 698 343 763 Quae
359 699 429 749 venit
442 715 473 748 ex
489 710 563 755 tuto,
579 699 656 748 minus
673 699 706 749 est
721 711 823 766 accepta
837 700 947 767 voluptas
956 715 966 753 ε’

317 771 353 821 Ut
369 772 401 822 sis
418 771 517 821 liberior
531 772 628 821 Thaide
641 789 650 829 ς
668 771 732 840 finge
748 785 841 824 metus.

217 845 269 913 605
280 842 341 896 cum
357 843 442 895 melitis
459 845 550 895 loribus
567 846 666 911 possis,
683 845 782 896 admitte
799 844 921 898 fenestrit
937 859 939 864 ’

317 919 394 985 Inque
408 930 452 968 tuo
470 920 539 967 vultu
555 919 622 986 signa
638 918 744 970 timentis
758 919 831 970 habe.

280 992 375 1042 Callida
391 991 520 1059 prosiliat,
536 991 648 1057 dicatque
665 992 770 1049 ancilla,
787 990 917 1044 Perimust

317 1067 358 1116 Tu
372 1063 485 1130 juvenem
502 1065 623 1130 trepidum
638 1065 748 1131 quolibet
763 1065 824 1114 abde
842 1066 912 1115 loco.

283 1138 441 1189 Admiscenda
457 1149 537 1187 tamen
554 1139 640 1188 Venus
656 1137 688 1186 est
706 1138 788 1187 secura
804 1137 911 1196 timorit

219 1210 272 1260 610
317 1212 356 1261 Ne
372 1210 432 1259 tanti
449 1209 532 1260 nolles
550 1226 599 1259 non
615 1221 688 1277 putet
703 1209 749 1260 else
766 1222 831 1262 tuas.

282 1281 340 1348 Qud
354 1283 423 1334 valer
439 1283 504 1332 eludi
519 1283 598 1349 possit
613 1283 707 1333 ratione
722 1284 843 1343 maritus,

318 1354 422 1423 Quaque
436 1356 495 1424 vigil
511 1356 609 1415 custos,
626 1356 792 1421 preteritorus
807 1372 886 1407 eram.

281 1428 364 1496 Nupta
380 1430 459 1480 virum
473 1431 555 1479 timeat
571 1446 578 1479 r
596 1442 648 1480 rata
662 1429 694 1479 sit
709 1428 813 1478 custodia
829 1443 921 1495 nuptae.

320 1502 378 1553 Hoc
395 1503 488 1553 decet:
504 1503 552 1552 hoc
569 1504 637 1570 leges
652 1500 737 1568 jusque
754 1502 882 1569 pudorque
898 1502 987 1567 jubent.

154 1623 158 1627 .
220 1572 272 1642 615
281 1576 320 1626 Te
333 1592 428 1643 quoque
440 1576 527 1626 servari
537 1609 545 1635 ,
555 1573 630 1626 modd
640 1592 710 1641 quam
719 1574 823 1623 sindilla
833 1576 937 1625 redemit
947 1607 957 1633 ,

320 1649 382 1713 Quis
397 1647 480 1699 ferat?
497 1661 524 1698 ut
539 1649 626 1706 fallas,
642 1649 672 1697 ad
687 1664 741 1699 rnea
756 1647 821 1698 sacra
835 1648 904 1698 veni.

285 1720 335 1772 Tot
351 1723 410 1771 licet
424 1722 572 1780 observent,
590 1721 653 1770 adsit
668 1718 741 1770 modd
759 1733 826 1769 certa
843 1723 972 1777 voluntas,

320 1793 391 1857 Quot
406 1795 505 1844 fuerant
516 1794 583 1861 Argo
600 1794 710 1850 luminu
725 1793 799 1843 verba
816 1793 894 1844 dabis.

284 1866 384 1917 Scilicet
399 1867 498 1916 obstabit
513 1868 611 1924 custos,
628 1882 659 1915 ne
675 1866 778 1915 scribere
794 1866 896 1931 possis,

221 1937 274 1987 620
319 1940 447 1988 Sumendae
463 1940 535 1988 detur
551 1938 605 1987 crim
621 1938 666 1987 tibi
681 1950 778 2002 ternpus
792 1938 887 2003 aque?

285 2009 388 2061 Conscia
402 2008 457 2061 crim
472 2011 549 2078 possit
564 2010 663 2077 scriptas
679 2023 777 2076 portare
792 2012 917 2071 tabellas,

320 2082 389 2147 Quas
406 2096 473 2152 tegat
488 2085 512 2134 in
528 2084 613 2150 tepido
628 2084 699 2134 fascia
714 2086 762 2133 lata
776 2083 850 2133 sinu?
956 2099 958 2111 ·

285 2154 348 2207 Crim
364 2159 442 2225 possit
456 2159 508 2208 luri
523 2158 617 2208 chartas
634 2158 714 2206 celare
730 2158 836 2224 ligatam

242 2265 245 2269 ⁴
321 2232 354 2281 Et
369 2231 452 2285 vinno
464 2231 562 2281 blandas
578 2231 620 2280 sub
635 2230 698 2295 pede
714 2231 779 2279 serre
794 2225 888 2280 notas?

222 2299 256 2349 62
258 2318 274 2367 5
285 2302 385 2363 Caverit
399 2306 450 2354 haec
467 2303 544 2353 custos
560 2318 629 2369 :pro
644 2303 727 2352 charta
743 2302 837 2351 conscia
854 2314 952 2369 tergunt

320 2375 450 2434 Praebeat3
469 2377 541 2441 inque
560 2376 602 2425 suo
619 2391 723 2439 corpore
739 2376 814 2424 verba
830 2375 903 2424 ferat.

283 2447 350 2497 Tuta
365 2466 461 2514 quoque
477 2448 533 2504 en,
548 2448 658 2511 fallitque
675 2448 760 2496 oculos
776 2463 790 2495 e
806 2447 866 2497 lalle
882 2443 978 2497 receuti

320 2520 401 2570 Litera
418 2536 426 2569 ε
442 2519 552 2569 carbonis
568 2519 672 2583 pulvere
686 2529 780 2585 tange;
798 2520 877 2585 leges.

174 2649 176 2656 k
284 2592 362 2643 Fallet
378 2592 404 2643 dt
420 2591 536 2643 humiduli
552 2608 606 2658 quae
621 2589 665 2641 liet
678 2591 787 2640 acumine
801 2591 862 2651 lini,

221 2663 274 2729 630
320 2666 352 2716 Et
368 2666 432 2716 leret
447 2665 557 2716 occultas
574 2681 634 2731 pura
649 2666 737 2714 tabella
754 2677 835 2716 notan

284 2737 369 2791 Adfuit
381 2739 477 2791 Acrisio
494 2739 614 2789 servandae
631 2755 688 2788 cura
704 2740 811 2803 puellae3

321 2813 395 2863 Hunc
409 2827 489 2865 tamen
506 2813 548 2862 illa
563 2812 605 2863 suo
620 2812 719 2862 crimine
733 2812 793 2864 lecit
807 2828 888 2861 avuta.
922 2822 926 2833 ¹

284 2884 351 2948 Quid
367 2887 439 2937 faciat
453 2886 550 2944 tullos,
568 2884 622 2936 crint
637 2877 685 2935 sint
700 2897 739 2935 tot
756 2886 781 2935 in
794 2884 862 2934 Urbe
878 2878 995 2933 theatra?

322 2956 384 3010 cum
398 2961 489 3026 spellet
504 2958 600 3024 jnnllos
617 2960 657 3008 illa
672 2959 775 3008 libenter
791 2952 890 3020 equos?

222 3023 271 3092 635
285 3027 346 3079 Crim
362 3032 444 3083 sedeat
460 3032 550 3083 Pharia
566 3032 638 3083 sistris
655 3042 755 3096 operata
770 3028 902 3093 juvencae3

320 3100 427 3170 Quoque
442 3106 476 3156 sui
491 3106 592 3156 comites
607 3105 643 3154 ire
658 3112 791 3159 vetentur,
808 3098 871 3150 eat?
