2392 3892
321 479 597 553 Hunorum,
622 480 702 551 Ea.
728 479 809 551 III.
877 491 926 551 ιι·

214 599 284 669 Quin
296 600 367 651 etiam
378 602 437 652 sama
448 601 498 661 est,
511 599 565 651 crlm
575 600 674 651 crastina
684 602 775 653 fulserit
784 602 852 661 Eos,

252 676 291 725 Te
306 676 363 725 dare
377 676 490 726 nubiferis
506 676 568 725 linea
581 676 638 725 vela
652 676 726 727 notis.

216 748 293 815 Quod
303 749 379 800 scelus
390 762 416 799 ut
426 750 524 815 pavidas
534 749 625 799 miserae
635 750 692 798 mihi
703 748 808 816 contigit
818 764 906 809 aures,

253 823 378 891 Sanguinis
389 835 460 888 atque
470 823 542 872 animi
553 823 636 888 pestus
647 823 716 872 inane
727 823 781 872 suit.
935 818 971 871 60

213 894 264 946 lbis
275 910 283 945 t
294 896 319 945 &
328 894 344 945 ὃ
354 930 362 954 ,
372 896 479 944 miseram
490 895 497 943 ¹.
510 895 549 943 cui
560 912 597 944 me
606 929 614 952 ,
622 896 748 952 violente,
758 895 879 961 relinques
889 889 901 946 ἒ

253 968 318 1032 Quis
331 968 390 1017 mihi
402 968 503 1017 desertae
515 968 572 1017 mite
585 969 696 1017 levamen
708 966 773 1016 erit?

213 1040 335 1092 Devorer
345 1052 402 1090 ante
412 1074 419 1099 ,
432 1056 519 1106 precor
529 1074 536 1099 ,
547 1040 626 1089 subito
636 1040 729 1091 telluris
739 1039 822 1099 hiatu,

226 1175 229 1181 Ι
254 1114 308 1163 Aut
318 1114 392 1163 rutilo
403 1113 468 1163 missi
478 1114 582 1165 fulminis
592 1115 649 1183 igne
660 1131 772 1173 cremer;
959 1165 961 1170 ,

213 1185 299 1251 Quam
308 1186 359 1236 sine
370 1204 408 1237 me
418 1186 510 1239 Phthiis
520 1188 648 1239 canescant
658 1205 756 1255 aequora
764 1186 837 1238 remis
843 1219 852 1246 ,
934 1181 971 1254 65

224 1255 227 1260 ’
253 1257 285 1320 Et
297 1260 391 1309 videam
405 1277 496 1327 puppes
511 1262 547 1312 ire
558 1261 641 1324 relisia
654 1274 719 1313 tuas.

212 1333 241 1385 Si
256 1333 299 1383 tibi
312 1333 359 1401 jam
374 1334 511 1399 reditusque
525 1336 642 1399 placent,
656 1336 775 1401 patriique
786 1345 886 1401 penates
893 1349 906 1394 3

252 1407 311 1456 Non
327 1423 375 1475 ego
391 1407 440 1455 su'm
452 1407 522 1456 classi
536 1407 625 1457 sarcina
636 1423 721 1475 magna
735 1421 792 1458 tuae.

212 1480 343 1535 Vislorem
358 1480 453 1545 captiva
465 1479 562 1546 sequar,
574 1496 624 1531 non
636 1492 712 1546 nupta
725 1480 852 1532 marituma

252 1554 291 1603 Est
305 1554 380 1612 mihi,
393 1570 444 1619 quae
454 1554 518 1604 lanas
531 1556 641 1612 molliat,
658 1566 713 1620 apta
723 1569 817 1605 manus.
936 1556 973 1607 7ο

211 1627 282 1678 luter
295 1625 434 1678 Achaiadas
448 1628 521 1695 longe
535 1627 697 1692 pulcherrima
710 1638 799 1678 matres

250 1701 280 1749 ln
290 1701 408 1750 thalamos
419 1698 508 1765 conjux
518 1701 562 1749 ibit
574 1699 700 1769 (eatque)
712 1712 778 1751 tuos.

212 1773 298 1841 Digna
308 1790 380 1824 nurus
390 1774 475 1823 socero
490 1773 504 1825 J
507 1774 560 1824 ovis
573 1773 716 1842 AEginaeque
727 1785 818 1839 nepote
825 1787 836 1834 s

254 1846 350 1912 Cuique
361 1847 434 1897 senex
443 1848 538 1898 Nereus
548 1849 665 1914 prosocer
674 1847 721 1898 esse
730 1850 801 1898 velit.

213 1921 267 1971 Nor
277 1921 392 1979 humiles,
403 1921 545 1987 samulaeque
556 1934 622 1982 tuae,
634 1923 687 1972 data
698 1922 769 1988 pensa
779 1921 901 1972 trahemus
910 1936 921 1982 ς
932 1936 949 1985 7
952 1933 966 1987 5

252 1993 283 2042 Et
292 1995 401 2043 minuent
410 1996 491 2059 plenas
502 1995 596 2045 stamina
608 1994 686 2045 nostra
697 1997 775 2046 colos.

214 2067 330 2134 Exagitet
343 2084 374 2116 ne
389 2084 426 2116 me
440 2066 533 2118 tannim
544 2082 604 2127 tua,
619 2069 755 2135 deprecor,
769 2085 850 2128 uxor,
880 2123 895 2154 ᾗ

254 2140 317 2204 Quae
330 2140 388 2189 mihi
402 2140 543 2207 nescioquo
558 2159 608 2191 non
625 2144 672 2191 erit
684 2159 752 2207 aequa
766 2143 851 2194 modo.

217 2213 287 2263 Neve
300 2230 369 2263 meos
382 2230 463 2262 coram
475 2215 549 2264 scindi
562 2215 654 2279 patiare
671 2216 789 2279 capillos;

252 2286 284 2335 Et
300 2287 389 2337 leviter
403 2286 468 2336 dicas
484 2301 492 2335 ε
508 2286 570 2335 Haec
585 2302 684 2351 quoque
698 2288 776 2336 nostra
789 2285 844 2337 suit.
935 2281 972 2337 8ο

216 2356 266 2413 Vel
279 2360 369 2425 patiare
383 2358 442 2409 licet
454 2393 461 2418 ,
474 2359 530 2408 dum
543 2376 574 2408 ne
589 2371 711 2409 contemta
725 2359 853 2426 relinquar.

209 2491 211 2496 Ι
252 2431 300 2482 llic
312 2432 370 2482 mihi
379 2450 439 2502 ‚lua
452 2433 543 2482 miserae
557 2432 562 2482 l
579 2433 691 2484 concine
704 2432 750 2491 ossa
764 2446 865 2485 tremor.

219 2502 284 2568 Quid
295 2520 378 2556 tamen
387 2505 508 2572 'exspeslas
522 2505 532 2555 ?
544 2506 725 2574 Agamemnona
734 2508 837 2575 poenitet
846 2508 889 2559 irae
899 2540 910 2568 ,

254 2579 286 2628 Et
299 2579 365 2645 jacet
377 2563 437 2636 flue
452 2592 508 2632 tuos
527 2580 624 2631 Graecia
637 2581 716 2635 nraesta
729 2582 813 2649 pedes.
882 2571 885 2577 ¹

216 2651 297 2706 Vince
312 2655 403 2703 animos
417 2655 523 2721 iramque
537 2666 620 2712 tuam,
635 2656 676 2721 qui
689 2668 771 2705 cetera
785 2654 871 2705 vincis.
936 2658 970 2724 85

252 2725 322 2790 Quid
333 2728 424 2776 lacerat
437 2729 533 2778 Danaas
547 2728 648 2796 impiger
663 2728 755 2779 Heslor
765 2726 846 2794 opes?
921 2792 924 2797 Ι

220 2797 289 2850 Arma
304 2816 385 2865 cape,
397 2797 512 2861 AEacida,
528 2802 569 2852 sed
582 2818 621 2851 me
639 2814 720 2851 tamen
734 2814 790 2849 ante
805 2811 926 2867 recepta3

254 2873 285 2923 Et
299 2879 385 2940 preme
398 2874 526 2932 turbatos,
541 2873 623 2925 Marte
637 2875 754 2931 favente,
770 2874 845 2923 viros.

220 2940 320 3012 Propter
331 2963 372 2997 me
386 2958 456 3003 mota,
465 2946 513 3005 esi,
525 2960 626 3013 propter
640 2964 678 2997 me
694 2946 786 3012 desinat
798 2947 854 3007 ira3

254 3017 351 3088 Simque
362 3035 412 3098 ego
425 3018 523 3069 tristitia
538 3021 607 3070 causa
619 3020 750 3086 modusque
764 3033 821 3071 tuae.
936 3028 973 3080 90
1046 3043 1048 3048 ·

220 3088 271 3143 Nec
283 3093 328 3143 tibi
340 3107 414 3158 turpe
428 3103 487 3156 puta
496 3092 607 3157 precibus
621 3094 775 3143 succumbere
786 3093 890 3145 nostris:

257 3161 378 3236 Coniugis
389 3163 490 3220 OEnides
503 3165 586 3219 uersus
600 3165 625 3216 in
640 3181 703 3217 arma
718 3181 791 3234 prece
806 3166 852 3218 est.

757 3235 824 3304 Avi
