2392 3892
311 446 383 517 162
435 434 946 513 Ovrnrr'AnronvM'

264 581 295 629 25
308 565 400 631 Sponte
418 562 493 611 fluant
509 575 602 611 matuta
616 561 656 611 sui
674 577 681 611 t
700 561 751 611 sine
769 564 880 614 crescere
896 576 972 617 nata:
999 562 1003 566 ’

344 637 384 686 Est
400 636 504 701 pretium
520 652 600 700 parvae
617 651 668 684 non
682 636 738 684 leve
755 636 805 684 vita
823 653 909 687 morae.
942 635 944 639 ’

307 708 394 765 Vestra
411 708 468 775 quid
485 706 590 757 effoditis
607 706 715 773 subjesiis
730 708 821 757 viscera
835 706 919 759 telis?
992 762 994 765 ,

345 782 377 832 Et
393 782 501 832 noudum
517 781 577 830 natis
595 781 645 829 dira
660 796 753 829 venena
771 778 855 831 datis?

310 854 429 906 Colchida
445 853 574 919 respersam
590 865 701 903 natorum
717 852 828 921 sanguine
844 854 966 920 culpant,
994 852 998 864 ’

266 942 301 994 30
346 929 420 995 Aque
433 927 474 977 sui
490 927 574 977 caesum
588 939 666 977 matre
683 938 814 992 queruntur
829 928 896 994 Ityn.

309 1002 422 1068 Utraque
436 1000 497 1050 sarva
510 1016 596 1066 parens
613 1015 620 1050 ε
634 999 674 1049 sed
689 998 795 1049 tristibus
806 1010 908 1067 utraque
924 998 1001 1052 causis

347 1073 440 1127 Jattura
455 1073 512 1122 socii
528 1072 646 1138 sanguinis
660 1073 711 1120 uita
726 1072 812 1121 virum.

311 1148 414 1204 Dicite,
435 1145 486 1212 quis
501 1146 618 1201 Tereus,
635 1143 688 1207 quis
705 1159 749 1194 vos
766 1143 846 1195 irritet
863 1144 935 1195 lason

325 1264 329 1270 .
348 1220 434 1286 sigere
450 1215 544 1266 soliciti
561 1232 666 1281 corpora
681 1215 758 1266 vestra
773 1234 845 1267 manu
857 1216 872 1266 i·

269 1304 283 1355 3
289 1305 300 1353 5
311 1291 368 1342 Hoc
384 1306 464 1357 neque
479 1290 505 1338 in
522 1288 641 1340 Armeniis
656 1288 732 1356 tigres
750 1289 832 1340 secere
849 1288 969 1341 ietdbris:

349 1363 456 1415 Perdere
471 1379 517 1412 nec
534 1362 598 1412 setus
615 1362 669 1411 ausa
686 1363 763 1412 leaena
779 1362 842 1414 suos.

237 1449 239 1454 ’
312 1436 348 1489 At
363 1450 454 1487 tenerae
469 1436 581 1493 faciunt,
598 1434 705 1484 sednon
721 1435 838 1498 impune,
859 1436 969 1502 puellas

349 1510 439 1575 Saepe,
457 1509 512 1559 suos
529 1520 601 1557 utero
620 1524 673 1573 quae
690 1519 782 1565 necat,
802 1508 852 1573 ipsa¹
868 1510 943 1572 perit.

313 1583 364 1649 lpsa
378 1582 462 1647 perit,
478 1583 602 1645 ferturque
618 1592 675 1629 toto
690 1580 795 1629 resoluta
813 1582 914 1646 capillos
927 1598 935 1631 z
958 1594 962 1601 ·

269 1670 304 1716 4ο
350 1656 382 1703 Et
400 1656 520 1712 clamant,
537 1649 650 1709 Meritd,
668 1652 708 1717 qui
722 1653 797 1704 modo
813 1671 916 1720 cumque
931 1652 1024 1705 vident.

313 1727 357 1778 isia
374 1727 415 1776 sed
431 1727 542 1775 aetherias
559 1726 688 1775 vanescant
706 1725 766 1773 disia
782 1743 826 1792 per
842 1742 936 1779 auras:

351 1799 383 1848 Et
398 1799 446 1848 sint
463 1798 579 1847 ominibus
596 1799 704 1862 pondera
721 1799 793 1847 nulla
803 1800 874 1850 meis.

314 1870 349 1920 Di
367 1871 470 1926 faciles,
485 1869 593 1935 peccasse
608 1869 680 1921 semel
697 1871 826 1921 concedite
841 1869 917 1923 tutd:

352 1942 380 1991 ld
395 1941 450 1992 satis
465 1942 498 1990 esi
513 1958 522 1991 t
537 1957 634 2007 poenam
649 1942 720 2007 culpa
736 1942 840 1993 secunda
856 1944 933 1997 serat.

346 2046 998 2137 ffl—ssan-ss-zs

476 2169 733 2249 ELEGIA
773 2169 881 2246 XV.>

318 2263 413 2383 Au
422 2343 490 2379 taur
501 2344 536 2388 s,
553 2330 665 2380 formosae
682 2330 782 2397 digitum
796 2326 905 2377 vinsiure
919 2330 1026 2395 puelle,

354 2404 446 2468 inquo
464 2404 609 2454 censendum
626 2404 680 2461 nil,
698 2404 744 2452 nisi
761 2401 836 2451 dantis
851 2417 939 2459 amor;

317 2474 407 2523 Munus
424 2492 466 2525 eas
482 2489 595 2541 gratum:
615 2488 642 2525 te
659 2476 715 2527 laeti
730 2486 811 2525 mente
827 2487 955 2540 receptum

355 2544 466 2595 Protinus
482 2548 589 2597 articulis
606 2549 690 2598 induat
707 2550 748 2598 risa
763 2546 818 2597 suis.
912 2580 916 2587 ι

235 2620 237 2624 ’
294 2634 307 2683 5
320 2618 381 2667 Tam
398 2620 461 2668 bene
475 2621 626 2679 convenias,
646 2624 716 2689 quim
731 2636 825 2670 mecum
841 2619 960 2670 convenit
974 2618 1028 2672 illi:

355 2692 387 2741 Et
402 2693 501 2761 digitum
516 2693 578 2758 justo
595 2693 735 2745 commodus
752 2695 812 2744 orbe
826 2703 902 2742 teras.

320 2762 404 2825 selis,
424 2781 439 2816 a
454 2766 548 2817 domina
564 2768 719 2827 nudaberis,
739 2769 826 2818 annulo
838 2800 846 2824 ,
857 2764 964 2818 >nostris

356 2838 458 2889 invideo
477 2841 546 2906 donis
564 2840 613 2906 jam
631 2842 700 2892 miser
717 2841 767 2908 ipse
785 2839 854 2890 meis.
899 2848 903 2855 ·
971 2904 973 2909 Ι

321 2910 346 2961 Ο
364 2912 370 2959 s
388 2912 477 2962 utinam
491 2914 545 2964 fieri
558 2911 636 2964 subitd
650 2932 703 2965 mea
718 2929 816 2963 munera
830 2908 919 2974 possim

280 2996 311 3032 ro
358 2984 457 3035 Artibus
471 2984 563 3045 AEaeis‚
583 2986 738 3053 Carpathiive
755 2981 835 3034 senis!

320 3055 391 3104 Tunc
403 3061 456 3124 'ego
470 3068 496 3108 te
516 3060 619 3109 dominas
634 3059 726 3123 cupiam
742 3052 845 3121 tetigisse
862 3055 986 3121 papillas,

357 3128 389 3178 Er
405 3130 492 3181 laevam
505 3132 593 3184 tunicis
609 3128 730 3182 inseruisse
742 3143 847 3177 manum·
