2392 3892
223 500 225 504 .
267 448 340 520 242
391 428 606 496 omar
631 424 880 493 Nxsonrs

221 563 253 612 25
266 549 319 597 Nec
336 557 417 599 tamen
433 544 471 594 hae
486 556 580 593 mentes
597 542 675 592 nostri
690 543 824 610 poscuntur
840 544 870 593 ab
886 555 946 597 arte.

302 618 459 668 Conveniunt
475 617 566 684 cymbae
581 617 635 667 vela
650 617 743 667 minora
759 632 830 666 meae.

263 693 325 749 Nil,
344 691 389 741 nisi
406 690 487 741 lascivi
503 706 547 754 per
560 706 600 739 me
614 688 735 739 discuntur
749 706 845 741 amores
857 706 867 741 t

301 765 398 815 Femina
414 762 549 829 praecipiam
566 779 615 829 quo
628 763 661 812 sit
676 761 775 815 amanda
791 763 877 814 modo.

264 838 363 891 Femina
378 853 423 887 nec
438 836 563 895 slammas,
581 852 627 885 nec
646 834 720 885 saevos
737 835 833 886 discutit
848 854 937 889 arcus:

221 927 256 982 30
301 907 397 961 Parcitis
413 911 466 960 haec
481 909 555 959 video
569 910 619 958 tela
636 925 726 959 nocere
741 908 811 958 viris.

265 984 336 1048 Saepe
352 982 397 1032 viri
412 983 519 1040 fallunt;
536 994 629 1031 tenerae
645 998 695 1031 non
711 981 773 1048 saepe
789 983 897 1047 puelle:

302 1056 446 1121 Paucaque,
465 1056 485 1104 si
500 1071 611 1122 quaeras,
630 1055 727 1104 crimina
742 1054 831 1104 fraudis
848 1055 946 1107 habent.

264 1129 364 1181 Phasida
378 1127 425 1193 jam
440 1140 541 1195 matrem
554 1127 629 1176 fallax
644 1127 733 1176 dimisit
748 1126 839 1177 lason:

301 1201 377 1253 Venit
392 1200 417 1248 in
430 1198 545 1249 AEsonios
560 1201 637 1249 altera
652 1213 725 1265 nupta
740 1199 815 1249 sinus.

220 1290 252 1342 35
266 1273 389 1339 Quantum
400 1272 424 1321 in
435 1285 480 1331 te,
497 1272 613 1332 Theseu,
627 1274 741 1322 volucres
752 1272 860 1323 Ariadna
874 1271 971 1324 marinas

301 1346 390 1405 Parit,
405 1346 430 1395 in
445 1346 532 1412 ignoto
547 1345 596 1395 sola
611 1345 693 1395 relidia
707 1345 773 1395 loco.

265 1419 375 1486 Quaere,
392 1435 482 1469 novem
500 1436 542 1469 cur
555 1418 595 1469 isse
610 1419 677 1469 vices
693 1418 806 1477 dicatur;
825 1418 851 1469 &
866 1417 923 1468 audi

301 1492 429 1558 Depositis
443 1493 515 1542 silvas
532 1490 642 1559 Phyllida
657 1491 722 1541 flesse
739 1492 824 1541 comis.
879 1538 881 1542 ,
910 1488 913 1493 ’

265 1566 299 1616 At
314 1565 400 1615 famam
415 1563 512 1631 pietatis
526 1565 622 1623 habet;
638 1577 719 1614 tamen
731 1564 820 1630 hospes
833 1563 862 1613 &
878 1563 956 1615 ensem

219 1654 257 1703 40
303 1637 425 1696 Praebuit,
448 1638 474 1687 ὃ(
491 1636 582 1687 causam
598 1638 702 1696 mortis,
721 1637 809 1696 Elissa,
826 1650 885 1687 tuae.

265 1710 333 1775 Quid
350 1728 394 1761 vos
411 1709 563 1775 perdiderit,
582 1707 682 1759 dicam?
702 1710 805 1760 nescistis
821 1727 912 1760 amare.

300 1783 389 1833 Defuit
404 1799 442 1833 ars
457 1783 546 1841 vobis,
567 1796 620 1833 arte
637 1794 753 1849 perennat
770 1800 847 1833 amor.

263 1858 335 1906 Nunc
350 1872 447 1921 quoque
461 1856 582 1906 nescirent
598 1872 605 1905 t
623 1856 663 1904 sed
676 1872 714 1905 me
726 1854 850 1921 Cythersa
867 1856 955 1905 docere

299 1927 374 1979 lussit
389 1943 397 1977 a
413 1928 439 1978 &
456 1940 512 1978 ante
530 1929 617 1977 oculos
632 1927 736 1976 constitit
752 1928 800 1994 ipsa
816 1946 895 1978 meos.

218 2014 252 2063 45
264 2000 327 2050 Tum
338 2000 416 2058 mihi,
429 1998 495 2063 Quid
505 2000 596 2050 miserae
608 2034 616 2059 ,
629 2000 707 2059 dixit,
720 2017 830 2050 meruere
841 2004 927 2069 puelle
939 1996 950 2051 ἒ

300 2072 414 2124 Traditur
430 2073 525 2123 armatis
540 2074 628 2141 vulgus
643 2072 736 2123 inerme
752 2074 821 2125 viris.

265 2147 324 2198 Illos
338 2145 443 2198 artifices
458 2146 547 2215 gemini
562 2147 646 2197 fecere
662 2148 755 2197 libelli:

302 2220 362 2271 Haet·
380 2236 476 2286 quoque
492 2236 546 2286 pars
563 2220 660 2270 monitis
676 2219 808 2270 erudienda
824 2220 885 2273 tuis.

265 2290 355 2343 Probra
370 2292 529 2357 Therapnaeae
546 2295 586 2358 qui
602 2294 697 2344 dixerat
710 2306 766 2343 ante
784 2294 895 2353 maritae,

222 2376 256 2426 50
303 2366 365 2415 Mox
382 2366 472 2416 cecinit
488 2366 572 2415 laudes
587 2366 741 2433 prosperiore
757 2366 819 2433 lyris.

265 2438 291 2487 Si
308 2440 369 2487 bene
386 2450 412 2487 te
427 2438 503 2495 novi,
526 2438 602 2487 cultas
618 2456 649 2489 ne
667 2440 728 2488 laede
744 2440 847 2505 puellas.

301 2510 406 2567 Gsatia,
423 2510 480 2562 dum
495 2510 584 2568 vives,
600 2510 641 2559 ista
655 2512 759 2576 petenda
775 2512 830 2561 tibi.

264 2581 335 2632 Dixit
352 2598 359 2632 ε
377 2582 403 2632 &
418 2597 433 2631 e
449 2594 529 2649 myrto
547 2580 557 2645 (
573 2596 653 2650 myrto
670 2600 723 2632 nam
740 2584 819 2633 vinda
837 2583 939 2651 capillos

302 2653 472 2725 Constiterat)
489 2656 573 2706 solium
587 2673 708 2725 granaque
724 2674 799 2724 pauca
816 2657 893 2707 dedit.

222 2740 236 2788 5
242 2738 254 2788 5
266 2727 387 2780 Sensimus
403 2730 510 2795 acceptis
525 2746 614 2780 numen
629 2747 727 2798 quoque
745 2747 752 2781 ε
770 2732 853 2797 purior
868 2732 948 2781 aether

301 2801 319 2851 F
323 2802 378 2852 ulsit
386 2817 397 2861 ¹,
418 2803 444 2853 &
460 2820 474 2854 e
489 2816 544 2856 toto
561 2804 660 2872 peslore
677 2805 752 2854 cessit
768 2820 837 2853 onus.

262 2873 328 2922 Dum
339 2875 397 2925 sacit
407 2875 529 2944 ingenium
539 2911 547 2936 ,
557 2878 636 2943 petite
647 2878 703 2927 hinc
714 2887 833 2943 praecepta
843 2907 850 2931 ,
862 2878 952 2940 puellae
964 2910 975 2939 ,

300 2944 368 3008 Quas
382 2948 480 3013 pudor,
499 2950 525 2999 ὃ(
539 2952 624 3018 leges,
642 2950 667 3000 dt
684 2950 723 2999 sua
737 2948 789 3014 jura
805 2946 897 3011 sinunt.

261 3018 381 3070 Venturae
397 3035 517 3071 memores
530 3020 577 3088 jam
592 3038 655 3071 nunc
670 3020 745 3069 estote
760 3019 878 3072 senellae:

218 3081 254 3136 60
298 3090 340 3141 Sic
353 3094 446 3145 nullum
460 3095 531 3147 vobis
547 3107 640 3162 tenpus
656 3091 731 3142 abibit
746 3090 822 3150 iners·
900 3086 902 3090 ⁷
