2392 3892
256 441 306 531 98
358 438 398 505 P.
427 437 611 506 OVrDrr
639 438 860 507 NAsours

257 557 354 613 Firmius
370 555 385 605 ὃ
404 555 410 604 !
427 556 507 621 cupidi
523 557 620 605 tandem
637 559 749 607 coeamus
766 572 894 611 amantest

293 633 347 682 Nec
364 642 461 679 careant
476 629 534 679 vera
550 629 637 696 gaudia
652 631 732 680 nostra
746 629 804 681 fide.

258 708 309 758 Cur
325 720 373 771 ego
388 714 428 753 tot
443 702 528 753 viduas
544 702 617 769 exegi
632 702 718 771 frigida
735 702 843 754 nostes?

214 801 248 857 70
294 779 345 828 Cur
360 777 435 828 toties
451 793 465 825 a
480 792 538 834 me,
557 776 624 827 lente
638 789 751 837 natator,
769 775 851 829 aber?

258 853 297 908 Est
314 867 400 911 mare,
419 848 559 907 confiteor,
576 850 683 900 nondum
696 850 820 901 tradabile
838 850 922 911 nanti3

296 925 375 976 Nede
393 923 434 974 sed
450 922 559 974 hesternd
575 924 654 976 lenior
669 941 726 974 aura
741 924 795 975 fuir.

259 1002 311 1054 Cur
328 1016 358 1049 ea
372 997 494 1064 preterita
508 996 566 1047 est?
583 1014 627 1047 cur
642 1014 692 1047 non
708 1008 810 1049 ventura
827 996 946 1051 timebas?

295 1072 357 1122 Tam
371 1072 435 1120 bona
450 1086 493 1119 tur
507 1068 598 1135 periit,
615 1086 663 1119 nec
679 1070 723 1120 tibi
737 1084 806 1138 rapta
825 1073 863 1122 via
880 1068 932 1122 este

216 1169 249 1221 75
260 1146 373 1201 Protinus
388 1154 416 1191 ut
429 1142 512 1192 similis
529 1142 600 1193 detur
614 1142 658 1191 tibi
673 1144 743 1210 copia
759 1145 864 1205 cursum

296 1218 353 1267 Hoc
369 1215 455 1265 melior
469 1212 557 1273 certe,
578 1232 628 1282 quo
644 1216 733 1281 prior,
750 1218 792 1268 illa
807 1218 865 1270 fuit.

261 1294 296 1345 At
311 1286 360 1341 citd
376 1300 468 1337 mutata
484 1286 519 1337 est
533 1286 615 1355 jadtati
630 1290 708 1342 forma
723 1291 848 1357 profundi.

297 1364 423 1428 Tempore
435 1386 443 1420 ·,
460 1358 514 1411 edm
528 1378 665 1429 properas,
682 1364 743 1429 sepe
757 1364 853 1415 minore
867 1360 943 1414 venis.

262 1435 967 1504 Himputo,deprensusnil,quodquetereris,haberes;

221 1520 256 1571 80
302 1512 395 1577 Meque
412 1508 457 1559 tibi
470 1510 582 1575 amplexo
598 1510 665 1559 nuda
680 1524 784 1559 noceret
798 1511 891 1563 hiems..

265 1583 342 1638 Certe
356 1598 403 1651 ego
417 1593 469 1631 tum
482 1595 571 1634 ventos
585 1582 692 1634 audirem
706 1583 770 1632 lenta
786 1595 901 1633 tonantes
910 1604 926 1643 ,·

301 1658 334 1707 Et
350 1671 477 1721 numquam
493 1656 600 1720 placidas
617 1654 664 1707 effe
680 1671 795 1722 precarer
808 1674 894 1723 aquas.

268 1731 335 1796 Quid
351 1739 433 1777 tamen
450 1729 551 1789 evenit,
571 1746 615 1779 cur
630 1729 663 1780 sis
678 1728 826 1779 metuentior
840 1725 933 1779 undar?

259 1803 261 1808 ’
305 1800 513 1868 Contemtumque
530 1800 595 1869 prids
612 1817 677 1852 nunc
695 1817 797 1853 vereare
812 1799 924 1853 fretum?

224 1882 256 1944 85
268 1880 331 1930 Nam
341 1874 456 1934 memini,
472 1873 525 1925 edm
535 1889 562 1926 te
576 1876 664 1925 saevum
673 1875 789 1925 veniente
803 1876 932 1942 minaxque

304 1951 363 2000 Non
375 1946 451 1998 minus
462 1961 528 2003 ,aut
537 1948 616 1997 multo
629 1964 678 1997 non
688 1946 764 1999 minda
775 1982 783 2007 ,
800 1964 884 2015 aequor
895 1958 955 1999 erat·

271 2021 332 2075 Cdm
347 2022 391 2073 tibi
406 2021 555 2079 clamabam,
572 2020 613 2070 Sic
629 2032 656 2071 tu
671 2021 813 2071 temerarius
829 2022 899 2081 esto,

307 2097 347 2147 Ne
363 2095 453 2147 miserae
469 2094 545 2146 virtus
560 2093 592 2144 sit
606 2107 647 2144 tua
664 2094 744 2144 flenda
758 2094 825 2144 mihi.

272 2170 345 2223 Unde
357 2186 435 2220 novus
445 2167 517 2219 timor
527 2169 566 2218 hic
577 2164 589 2217 ἓ
609 2166 706 2235 qudque
717 2169 757 2218 illa
768 2167 867 2217 audacia
878 2166 962 2237 fugit?

228 2262 263 2315 90
309 2243 413 2312 Magnus
430 2244 470 2293 ubi
487 2241 521 2293 est
536 2242 621 2308 spretis
638 2242 680 2292 ille
697 2252 793 2291 natator
807 2240 899 2308 aquis?

274 2318 312 2369 Sis
324 2330 405 2366 tamen
416 2318 464 2365 hoc
473 2314 572 2380 potids,
587 2318 657 2381 quam
665 2314 730 2380 quod
739 2310 804 2379 pride
815 2313 864 2364 effe
876 2316 976 2366 solebas:

312 2390 344 2439 Et
360 2389 434 2440 facias
450 2388 569 2455 placidum
585 2404 630 2455 per
643 2403 709 2437 mare
723 2397 790 2435 tutus
805 2384 876 2445 iter3

274 2465 342 2516 Dum
352 2460 425 2512 modd
435 2461 466 2512 sis
476 2461 540 2511 idem
552 2478 560 2520 3
575 2461 631 2526 dum
640 2461 675 2510 sic
686 2490 693 2516 ,
706 2468 733 2508 ut
743 2456 824 2507 scribis
835 2491 842 2516 ,
856 2475 976 2518 amemur

313 2536 465 2601 Flammaque
481 2551 531 2584 non
547 2533 588 2584 fiat
603 2532 701 2599 frigidus
718 2531 758 2581 illa
775 2529 847 2583 cinis.

233 2626 249 2679 9
255 2626 267 2676 5
278 2612 337 2661 Non
347 2625 394 2677 ego
405 2622 453 2658 tam
464 2620 551 2659 ventos
560 2609 635 2656 timeo
645 2637 653 2664 ‚
670 2621 725 2654 mea
732 2615 792 2654 vota
801 2619 947 2667 morantes,

317 2683 414 2749 Qudm,
430 2682 512 2732 similis
526 2690 603 2729 vento
614 2701 630 2737 ,·
640 2694 671 2727 ne
688 2689 745 2728 tuus
760 2690 828 2729 erret
844 2697 933 2739 amor;

281 2759 320 2809 Ne
336 2774 385 2807 nen
400 2757 443 2807 sim
459 2752 537 2810 tanti,
555 2751 716 2820 superentque
733 2752 842 2819 pericula
855 2754 973 2807 causam:

319 2829 349 2879 Et
366 2830 556 2879 videar-merces
573 2825 621 2877 effe
636 2828 720 2877 labore
737 2826 825 2877 minor.

281 2902 405 2953 Interdum
421 2915 522 2961 metuo,
542 2900 619 2969 patrii
633 2918 664 2952 ne
680 2900 772 2972 dedat,
791 2901 817 2951 δι
831 2897 909 2967 impar

223 2990 274 3028 100
320 2976 403 3024 Ducat
419 2974 540 3042 Abydeno
558 2974 658 3026 Threffa
672 2975 753 3041 puella
767 2984 834 3025 toto.

285 3048 359 3101 Ferre
373 3060 454 3098 tamen
470 3049 561 3113 possum
576 3044 708 3115 patientius
724 3045 821 3106 omnia,
840 3046 912 3111 qudm
927 3041 950 3101 td

322 3117 398 3183 Otia,
417 3120 499 3177 nescio
514 3120 560 3190 qud
574 3121 663 3192 pellice
678 3133 780 3191 captu,
796 3133 876 3191 agas:
