2392 3892
313 460 386 532 ¹74
436 438 919 509 0V11>11An10nu1u

310 560 384 625 Quod
402 558 458 607 Dea
474 557 602 623 promisit,
621 558 745 621 promittas
762 560 830 625 ipsa,
847 577 968 628 rogamus.

266 630 300 681 60
346 631 409 682 Pace
426 632 511 696 loquar
524 630 647 687 Veneris,
664 642 690 679 tu
706 631 762 681 Dea
776 632 853 697 major
870 635 929 684 eris.

309 706 357 757 Per
373 705 417 754 tibi
433 715 473 753 tot
487 702 542 767 juro
557 702 648 761 testes,
666 719 824 770 pompamque
840 706 972 767 Deorum,

347 777 386 827 Te
404 775 522 826 dominnm
536 775 607 825 nobis
623 788 719 841 tempus
734 778 759 825 in
773 794 845 828 omne
861 779 922 843 peti.

311 851 360 902 ted
376 850 482 916 pendent
497 848 542 898 tibi
557 862 627 899 crura
640 862 648 900 t
661 860 753 915 potes,
770 849 791 900 si
806 851 871 901 lorte
887 850 1000 918 juvabit,

349 922 469 973 Cancellis
486 922 576 989 primos
591 920 712 972 inseruiffe
726 924 810 987 pedes.

269 992 300 1056 65
312 997 420 1047 Maxima
436 995 483 1061 jam
499 1010 577 1044 vacuo
592 1004 684 1060 pretor
697 995 831 1061 spestacula
847 993 943 1057 Circo,

349 1066 512 1134 Quadrijnges
526 1084 596 1134 aequo
615 1083 712 1118 carcere
729 1068 793 1118 misit
808 1085 896 1135 equos.

313 1141 359 1191 Cui
375 1140 466 1189 studeas
483 1139 557 1189 video
575 1156 582 1190 t
600 1140 684 1189 vincet
700 1141 841 1207 cuicumque
855 1142 961 1199 favebis.

349 1210 415 1276 Quid
431 1213 513 1278 cupias
522 1246 529 1270 ‚
547 1213 598 1277 ipsi
607 1212 666 1261 scire
682 1211 795 1263 videntur
810 1215 875 1280 equi.

312 1284 357 1335 Me
373 1284 483 1335 miserum
498 1285 504 1333 l
522 1298 610 1335 metam
624 1285 726 1351 spatioso
741 1285 827 1337 circuit
841 1288 913 1337 orbe.

269 1370 304 1419 70
351 1356 417 1422 Quid
433 1356 516 1409 facis?
532 1360 631 1407 admoto
646 1359 768 1423 proximus
782 1375 826 1410 axe
842 1359 913 1411 subit.
938 1353 944 1365 ’

314 1430 381 1496 Quid
396 1430 474 1490 facis,
494 1427 602 1481 infelix?
619 1432 699 1495 perdis
716 1433 779 1481 bona
794 1444 853 1482 vota
869 1433 970 1499 puellae.

350 1504 438 1554 Tende
454 1519 542 1569 precor
557 1500 635 1552 validi
651 1504 702 1552 lora
717 1504 808 1554 sinistre
824 1521 905 1554 manu.

314 1577 425 1627 Favimus
439 1576 528 1643 ignavo
543 1591 551 1626 e
567 1574 608 1625 sed
624 1576 689 1624 enim
702 1590 837 1634 revocate,
852 1576 965 1641 Quirites
978 1594 987 1637 3

351 1650 383 1699 Et
400 1650 455 1699 date
470 1648 562 1713 instatis
578 1648 683 1713 undique
699 1649 766 1716 signa
784 1650 858 1717 togis.

271 1736 304 1784 75
316 1721 352 1771 En
366 1735 484 1772 revocant
500 1738 507 1771 ε
523 1732 567 1781 at,
584 1737 617 1771 ne
633 1723 714 1771 turbet
728 1734 785 1789 toga
802 1734 868 1772 mota
883 1724 1004 1790 capillos,

351 1795 380 1844 ln
395 1794 488 1844 nostros
505 1794 578 1844 abdas
592 1806 619 1843 te
634 1795 693 1844 licet
709 1811 783 1861 usque
801 1797 877 1845 sinus.

315 1866 416 1932 Jamque
430 1878 513 1930 patent
528 1867 635 1925 iterum,
652 1868 760 1916 reserato
777 1882 894 1927 carcere,
910 1868 999 1935 pollet.

351 1938 440 1987 Evolat
452 1937 559 2002 'admissis
576 1938 679 1987 discolor
694 1955 780 2006 agmen
798 1940 877 2006 equis.

315 2011 388 2059 Nunc
401 2010 483 2059 saltem
497 2009 598 2074 supera,
618 2010 741 2078 spatioque
755 2012 850 2080 insurge
865 2014 968 2079 patenti.
1040 2068 1045 2073 ,

276 2082 309 2134 to
353 2081 408 2133 Sint
424 2098 496 2141 mea,
516 2082 564 2132 tint
580 2083 683 2133 domina
698 2084 737 2134 iac
751 2097 804 2136 rata
817 2098 876 2135 vota
892 2103 962 2137 meae.

317 2154 378 2206 Sunt
393 2156 495 2207 dominae
507 2168 560 2205 rata
575 2167 634 2207 vota
649 2173 710 2207 meae
723 2174 731 2209 ι
744 2176 798 2209 mea
814 2171 873 2209 vota
889 2158 1024 2226 supersunt.

354 2230 398 2279 llle
413 2242 483 2280 tenet
497 2230 600 2295 palmam
615 2246 622 2281 :
638 2233 714 2297 palma
730 2233 835 2298 petenda
851 2232 909 2281 mihi
926 2230 969 2284 est.

225 2313 230 2322 ·
316 2300 397 2359 Risit,
417 2304 442 2353 dc
456 2302 548 2369 argutis
562 2303 673 2369 quiddam
687 2305 796 2369 promisit
811 2304 906 2356 ocellis.

351 2373 408 2424 Hoc
426 2376 479 2426 satis
493 2373 533 2425 hic
549 2389 556 2425 τ
572 2377 621 2426 elio
638 2387 720 2427 cetere
736 2376 812 2426 redde
828 2376 897 2427 loco.

303 2483 990 2557 ‘ez-affl*

465 2601 721 2669 eunom
776 2602 871 2665 111.
969 2585 979 2605 “

315 2692 443 2816 Esse
461 2763 552 2823 Deos,
573 2761 600 2823 i,
620 2763 693 2814 crede
711 2781 719 2815 τ
735 2761 807 2814 fidem
820 2762 900 2831 jurata
915 2764 1025 2821 fefellit:

353 2835 384 2884 Et
399 2838 473 2889 facies
490 2839 544 2899 illi,
562 2854 615 2904 quae
630 2837 675 2887 fuit
689 2851 765 2897 ante,
785 2849 873 2887 manet.

317 2905 397 2969 Quim
415 2911 502 2978 longos
518 2911 602 2963 habuit
615 2912 721 2962 nondum
736 2910 833 2977 perjura
849 2908 949 2975 capillos
962 2946 969 2971 ‚
1057 2970 1059 2973 .

353 2979 413 3029 Tam
430 2984 536 3049 longos,
555 2983 677 3051 postquam
693 2984 788 3032 numina
804 2980 877 3040 lusit,
895 2983 982 3039 habet.

293 3065 305 3113 5
318 3049 425 3104 Candida
437 3087 444 3113 ,
462 3057 590 3108 candorem
604 3056 674 3106 roseo
691 3053 772 3105 suffusa
788 3053 897 3115 rubore,

352 3125 418 3177 Ante
434 3128 498 3180 stetit
514 3146 522 3183 r
538 3130 612 3183 niveo
626 3128 692 3179 lucet
708 3125 732 3178 in
748 3143 791 3180 ore
804 3128 890 3184 rubor.
