2392 3892
246 438 324 528 296
374 435 517 506 Orio.
543 435 649 504 Nus.
677 435 922 511 Humor.

246 557 319 607 Tunc
335 555 435 623 Epodes
449 557 511 614 lati,
528 568 580 606 tum
595 557 684 606 molles
699 569 811 626 tergore
828 561 912 614 Ranae.

247 630 357 680 Extremi
374 642 461 696 parent
497 630 870 661 ''''''''

250 865 370 917 Lubticus
388 867 414 918 &
430 864 494 933 spiui
510 880 606 916 nocuus
621 882 672 917 non
692 863 799 920 Gobius
816 869 868 922 ulli
876 906 887 931 ,

250 938 283 988 Et
299 939 392 1007 nigrum
406 939 478 989 niveo
493 950 592 1007 portans
606 939 632 988 in
648 956 758 1006 corpore
775 943 845 994 virus

191 1023 241 1076 130
251 1011 358 1078 Longo,
377 1012 477 1080 durique
493 1012 573 1069 Sues.
588 1012 735 1078 sinuosaque
757 1015 853 1075 Caris,

252 1083 285 1135 Et
301 1097 350 1133 tam
367 1083 470 1135 deformi
484 1102 534 1134 nou
549 1085 635 1153 dignus
650 1086 752 1134 nomine
768 1087 895 1141 Asellus:

250 1155 339 1223 Tuque
356 1157 509 1225 peregrinis,
527 1157 682 1224 Acipenser,
701 1159 797 1212 nobilis
816 1161 903 1214 undis·

191 1415 316 1475 Deerant
335 1435 390 1474 non
410 1414 556 1474 admodum
574 1413 663 1472 multa
685 1411 718 1472 in
742 1435 777 1476 eo
800 1417 970 1502 exemplati,

304 1516 308 1523 ’
368 1514 507 1596 coustumia
521 1513 633 1595 penitus
650 1515 802 1594 uetustate.

272 1667 346 1729 Plin.
366 1665 418 1729 lib.
439 1663 645 1728 xxx11.Hist.
664 1663 738 1727 Nat.
757 1689 830 1752 cap.
847 1671 903 1735 ult.

233 1822 291 1881 His
306 1819 469 1901 adjiciemus
484 1822 562 1902 apud
576 1820 713 1881 Ouidium
723 1822 831 1902 posita
848 1826 971 1897 nomina,

193 1942 250 2000 quu
272 1923 350 2001 apud
370 1921 501 1979 nemiuem
522 1918 611 1977 alium
630 1921 808 2001 reperiuntur
829 1946 843 1984 .·
852 1925 907 2004 sed
920 1924 973 2005 fiu-

193 2024 277 2081 iussis
293 2021 323 2080 in
339 2023 430 2081 Ponto
446 2019 613 2100 nascuntur,
629 2021 677 2079 ubi
693 2021 727 2079 id
741 2022 878 2086 uolumen
888 2025 975 2107 fiipie·

194 2123 245 2179 mis
255 2119 317 2201 ficis
335 2121 499 2202 temporibus
516 2119 666 2179 inchoavit.

327 2265 413 2330 Idem
425 2267 476 2330 lib.
491 2285 605 2329 xxxu.
621 2288 684 2348 cap.
698 2265 855 2346 secundo-1

235 2415 312 2475 Mihi
335 2417 464 2478 uidentur
480 2418 575 2486 mira,
600 2436 658 2496 quu
681 2417 808 2478 Ouidius
826 2422 979 2502 prodidit,

192 2517 309 2598 piscium
323 2517 453 2598 ingenia,
469 2520 498 2578 iu
512 2540 543 2579 eo
556 2518 694 2584 uolumine
702 2561 715 2592 ,
730 2513 810 2600 quod
818 2527 980 2588 Hanu-

197 2637 307 2682 mou
325 2617 489 2702 inscribitur.

541 2773 641 3008 Θ
