2392 3892
260 452 318 505 nn
338 436 458 507 Auru
471 434 668 505 Anauni
692 437 733 507 L.
756 440 821 507 III.
847 458 923 533 255
1015 472 1021 481 ·

209 551 313 622 ‘Ducere
330 554 470 605 consuescat
484 556 571 605 multas
585 570 669 603 manus
686 571 733 603 una
748 554 844 622 figuras.

249 628 288 678 Ah
305 626 313 677 !
331 641 451 695 pereant,
469 644 591 694 perquer
608 626 650 675 illa
666 629 785 677 monenda
801 631 877 681 mihi!

213 700 265 752 Nee
280 700 327 752 nisi
344 700 431 752 deletis
448 712 528 750 tutum
543 701 677 750 rescribere
694 701 756 749 ceris
771 735 782 759 ,
931 718 985 769 495

248 774 288 823 Ne
306 786 391 823 teneat
405 773 511 841 geminas
528 790 575 823 una
591 774 681 823 tabella
696 790 791 823 manus.

215 846 313 913 Femina
328 847 421 896 dicatur
438 846 550 897 scribenti
567 846 662 911 semper
675 860 779 897 amator.

196 907 203 930 ’
248 920 294 977 lua,
311 920 344 969 sit
361 921 387 969 in
402 918 502 977 vestris,
521 920 562 985 qui
578 919 625 969 suit
641 920 703 978 ille,
723 921 797 970 notis.

213 991 262 1042 Sed
278 993 341 1042 libet
356 1010 370 1041 a
385 992 465 1059 parvis
480 993 586 1042 animum
598 992 629 1041 ad
646 992 738 1060 majora
754 994 866 1054 referre,

225 1117 231 1128 ,
248 1064 373 1131 Plenaque
389 1079 489 1115 curvato
505 1066 613 1130 pandere
629 1068 686 1115 vela
701 1066 766 1117 sinu.
935 1084 988 1133 500

214 1134 324 1189 Pertinet
340 1138 370 1187 ad
388 1138 474 1188 faciem
491 1138 587 1189 rabidos
606 1141 762 1206 compescere
777 1158 878 1193 morer:

250 1211 359 1261 Candida
375 1228 422 1277 pax
437 1212 566 1270 homines,
584 1224 641 1263 trux
656 1214 729 1264 decet
744 1215 779 1267 ira
795 1217 870 1267 seras.

217 1282 271 1335 Ora
286 1296 381 1334 tument
397 1284 456 1335 iri':
473 1284 612 1351 nigrescunt
628 1287 740 1353 sangiune
754 1304 845 1339 venae:

246 1357 348 1421 Lumina
365 1357 502 1426 Gorgoneo
518 1355 602 1407 saevitis
618 1358 674 1424 igne
690 1360 790 1409 micant.

218 1428 409 1496 lproculhinc‚
427 1430 506 1487 dixit,
522 1446 609 1481 nones
620 1430 696 1486 mihi,
713 1431 793 1490 tibia,
809 1432 891 1489 tanti;
936 1447 985 1497 505

250 1502 286 1553 Ut
301 1503 363 1553 vidit
378 1504 459 1553 vultus
476 1502 554 1553 Pallas
570 1504 595 1551 in
614 1519 684 1554 amne
699 1502 763 1553 suos.

215 1574 269 1631 Vos
287 1592 385 1642 quoque
399 1576 419 1625 ri
436 1576 516 1626 medii
530 1576 654 1641 speculum
672 1575 782 1643 spetletis
800 1577 898 1636 inira,

250 1648 390 1716 Cognoscat
406 1649 492 1702 faciem
507 1650 550 1700 vix
568 1649 622 1698 satis
640 1650 688 1699 ulla
704 1649 779 1700 suam.

217 1722 271 1772 Nec
286 1720 364 1771 mimis
379 1722 404 1771 in
419 1723 489 1772 vultu
506 1722 617 1771 damnosa
634 1723 742 1788 superbia
756 1722 856 1774 vestroe

248 1793 365 1845 Comibus
382 1794 417 1848 ,est
433 1796 511 1850 oculis
527 1795 669 1846 alliciendus
683 1813 760 1846 amor.
935 1810 988 1860 510

216 1865 319 1917 Odimus
334 1868 475 1925 immodicos
488 1903 497 1928 ,
514 1882 623 1934 erpertae
640 1870 752 1928 credite,
770 1870 861 1922 fastus:

249 1940 319 2008 Saepe
335 1953 418 1994 tacens
434 1942 484 1992 odii
501 1943 588 1992 semina
605 1945 685 1994 vultus
703 1945 787 1996 habet.

212 2012 367 2079 Spesianrem
382 2015 461 2082 spella
477 2032 486 2064 τ
500 2015 590 2065 ridenti
604 2018 687 2066 mollia
702 2018 764 2067 ride.

207 2130 221 2138 „
249 2086 360 2146 Innuet3
377 2098 490 2153 acceptas
507 2099 534 2135 tu
552 2103 649 2151 quoque
666 2089 741 2137 redde
756 2100 837 2137 notar.

215 2158 253 2209 Sic
270 2162 314 2210 ubi
325 2161 449 2226 prolusit,
467 2158 586 2216 rudibus,
601 2175 662 2222 puer
677 2160 736 2215 ille,
752 2161 861 2218 relictis,
937 2174 987 2223 515

250 2233 346 2300 Spicula
361 2234 394 2286 ¹de
409 2233 523 2299 pharetra
537 2232 626 2295 promit
643 2244 715 2280 acuta
730 2232 779 2281 sui.

216 2304 318 2356 Odimus
335 2308 360 2358 &
378 2305 478 2357 maeslas.
495 2302 645 2354 Tecmessam
661 2304 743 2372 diligat
759 2303 846 2370 Ajax:

251 2380 325 2437 Nos,
341 2380 440 2430 hilarem
456 2380 590 2445 populum,
611 2378 698 2428 semina
715 2380 770 2428 laeta
787 2378 863 2444 capit.

209 2450 989 2520 *Numquamegote,Andromache,necte,Tecmeffa,rogarem,

250 2526 287 2574 Ut
305 2542 359 2576 mea
376 2526 405 2575 de
422 2526 492 2577 vobis
508 2528 586 2576 altera
601 2526 678 2577 amica
694 2527 768 2576 soret.
935 2540 989 2587 520

216 2595 326 2649 Credere
341 2599 384 2649 vix
399 2599 503 2656 videor,
522 2597 575 2648 crim
591 2616 665 2665 cogar
684 2600 785 2649 credere
800 2609 894 2664 partin
991 2629 999 2645 .

249 2671 306 2718 Vos
324 2686 371 2734 ego
384 2670 443 2718 ‘cum
457 2669 539 2719 vestris
556 2668 710 2719 concubuisse
726 2671 795 2719 viris.

213 2742 315 2795 Scilicet
333 2740 340 2789 !
356 2739 428 2805 Ajaci
444 2741 529 2789 mulier
544 2740 688 2790 mestissima
704 2741 785 2799 dixit,

251 2816 305 2865 Lux
318 2829 372 2863 mea
389 2812 396 2861 l
414 2826 514 2877 quaeque
529 2812 608 2861 solent
622 2814 697 2862 verba
712 2811 798 2878 jurare
811 2807 900 2863 viros!

216 2887 284 2952 Quid
299 2900 398 2939 vetata
413 2885 503 2951 magnis
518 2885 548 2933 ad
562 2902 602 2934 res
619 2886 728 2950 exempla
743 2886 850 2934 minores
937 2895 988 2951 525

252 2962 375 3020 Sumere,
394 2976 440 3011 nec
457 2975 546 3009 nornen
562 2958 708 3025 pertimuisse
728 2956 817 3009 ducis?

216 3032 277 3084 Dux
292 3037 368 3086 bonus
386 3034 442 3085 huic
460 3048 556 3084 centum
574 3032 695 3083 commisit
710 3032 761 3082 vite
776 3031 917 3103 regendost

228 3146 234 3160 .
253 3104 321 3158 Huic
335 3110 429 3179 equites
440 3143 452 3167 2
469 3108 508 3161 illi
521 3107 589 3177 signa
606 3106 697 3159 tuenda
712 3104 793 3160 derit.
