2392 3892
346 427 395 523 58
446 432 487 494 P.
518 424 702 495 Orrnrr
730 424 954 494 Nasonis

346 544 381 596 Di
391 579 398 603 ,
409 560 496 610 precor
506 577 513 602 ,
524 560 536 592 a
546 543 615 593 nobis
625 560 696 595 omen
705 557 831 593 removere
840 543 977 596 sinistrumt

306 638 338 688 50
386 618 417 667 Et
428 618 467 667 sua
477 618 518 666 det
528 617 612 667 reduci
620 617 657 667 vir
667 633 734 666 meus
743 633 807 666 arma
816 616 830 667 J
833 618 882 666 ovi.

347 691 396 742 Sed
405 691 480 741 timeo
489 705 497 743 r
508 689 653 757 quotiesque
663 690 724 739 subit
733 689 865 738 miserabile
876 690 967 740 bellum
980 722 989 750 ,

383 764 458 814 More
467 763 527 814 nivis
536 764 649 830 lacrymae
659 763 709 814 sule
719 763 837 812 madentis
848 774 917 813 eunt.

346 838 409 889 llion
421 838 446 889 δι
457 837 573 887 Tenedos
584 868 592 893 ,
603 836 755 903 Simoisque,
771 836 797 887 δι
808 835 903 887 Xantus
917 836 944 887 δι
955 835 1000 890 lde
1011 869 1023 901 ,

383 911 487 961 Nomina
498 911 552 960 sunt
561 910 612 975 ipso
622 927 690 975 paenc
700 910 805 960 timenda
814 910 882 959 sono.

304 1001 334 1052 55
347 987 402 1037 Nec
416 1000 502 1050 rapere
518 982 633 1041 ausurus,
647 984 692 1032 nisi
707 983 731 1032 se
746 982 879 1033 defendere
888 982 984 1050 posset,

383 1058 478 1123 Hospes
492 1068 545 1106 erat
556 1072 563 1104 z
576 1056 639 1105 vires
656 1067 759 1104 noverat
774 1056 815 1104 iile
830 1056 892 1107 suas.

345 1132 473 1187 Venerat,
486 1139 513 1177 ut
523 1128 584 1177 sama
595 1126 646 1187 est,
659 1129 734 1178 multo
746 1127 879 1193 spesiabilis
888 1146 968 1189 auro,

352 1209 355 1214 '
382 1202 481 1267 Quique
493 1201 534 1250 suo
549 1198 664 1269 Phrygias
677 1218 780 1269 corpore
791 1201 867 1252 ferret
878 1219 949 1269 opes.

346 1273 425 1326 Classe
438 1274 543 1341 virisque
557 1287 646 1340 potens
654 1308 662 1334 ,
671 1292 715 1341 per
725 1292 776 1342 quae
785 1274 836 1325 sera
846 1276 912 1327 bella
920 1279 1055 1345 geruntur:

301 1351 335 1404 60
383 1349 415 1399 Et
424 1347 530 1416 sequitur
539 1349 607 1415 regni
617 1366 673 1415 pars
681 1362 858 1415 quotacumque
866 1349 909 1401 sui.

345 1419 390 1474 His
404 1439 451 1490 ego
463 1434 489 1472 te
502 1421 603 1479 sistam,
624 1421 722 1472 consors
744 1421 833 1471 Ledaea
847 1422 957 1488 gemellis
974 1457 983 1484 ,

381 1495 513 1561 Suspicor:
532 1496 584 1546 haec
595 1492 690 1544 Danais
703 1493 769 1561 posse
783 1510 874 1543 nocere
889 1508 960 1561 puto.

345 1568 452 1619 Hesiora
469 1568 632 1634 nescioquem
645 1568 730 1619 timeo.
747 1565 811 1617 Paris
822 1566 929 1618 Hesiora
940 1569 1004 1621 dixit
1038 1572 1040 1577 '

380 1642 469 1691 Ferrea
477 1639 606 1708 sanguines
620 1640 683 1689 bella
691 1657 791 1691 movere
802 1657 881 1690 manu.

299 1715 332 1778 65
343 1713 465 1771 Hesiora,
478 1713 582 1779 quisquis
594 1713 613 1762 is
625 1712 673 1771 est,
685 1713 705 1764 si
716 1713 765 1763 sum
774 1714 817 1763 tibi
826 1729 897 1773 cara,
909 1725 999 1765 caveto
1011 1730 1020 1768 τ

380 1786 502 1853 Signatum
512 1786 612 1836 memori
622 1786 720 1851 pesiore
730 1803 817 1837 nomen
826 1787 899 1839 habe.

345 1858 418 1908 Hunc
429 1849 469 1907 usi
477 1858 561 1909 vitaris
571 1892 579 1919 ,
591 1859 653 1909 alios
661 1857 739 1909 uitare
748 1872 871 1910 memento
883 1876 892 1911 s

380 1931 410 1982 Et
420 1932 509 1981 multos
522 1932 571 1980 illic
581 1929 699 1982 Hesioras
711 1928 836 2000 esse'pu'ta.

343 2004 375 2055 Et
384 2004 459 2053 facito
469 2004 548 2063 dicas,
561 2004 657 2071 quoties
668 2019 774 2073 pugnare
784 2004 898 2072 parabis,

297 2096 332 2145 70
379 2076 482 2146 Parcere
492 2089 529 2127 me
540 2077 611 2144 jussit
620 2078 748 2129 Laodamia
756 2079 811 2130 sibi.

342 2150 367 2202 Si
379 2151 466 2201 cadere
477 2151 594 2220 Argolico
608 2150 644 2203 sas
656 2149 689 2203 est
699 2152 740 2202 sub
749 2153 825 2203 milite
834 2150 953 2219 Trojarn,

377 2224 416 2274 Te
428 2242 524 2293 quoque
531 2242 581 2276 non
588 2226 663 2275 ullum
672 2225 759 2276 vulnus
768 2227 889 2282 habente,
898 2224 978 2275 cadat.

341 2294 454 2364 Pugnet,
473 2298 498 2349 ἃ
508 2298 622 2348 adversos
630 2299 714 2348 tendat
725 2295 852 2346 Menelaus
861 2296 884 2344 in
896 2294 976 2345 hostes
988 2329 997 2354 ,

377 2371 413 2420 Ut
421 2371 499 2440 rapiat
508 2369 587 2419 Paridi
597 2402 605 2427 ‚
616 2384 685 2434 quam
698 2367 764 2417 Paris
772 2380 828 2416 ante
839 2367 892 2415 sibi.

293 2461 309 2510 7
315 2459 326 2508 5
340 2442 433 2502 irruat,
444 2441 487 2500 &,
500 2440 571 2491 causi
581 2455 652 2506 quern
659 2440 748 2498 vincit,
758 2440 840 2490 vincat
852 2437 959 2490 &armis
970 2456 978 2494 ι

376 2515 489 2566 Hostibus
498 2529 512 2563 e
522 2513 606 2564 mediis
613 2521 686 2579 nupta
694 2513 800 2583 petenda
808 2513 862 2563 viro
872 2511 915 2564 esd.

242 2651 244 2655 Ι
340 2588 417 2639 Causa
426 2599 468 2637 tua
477 2585 510 2636 est
519 2585 595 2652 dispar
605 2601 613 2637 t
624 2597 652 2636 tu
660 2582 753 2636 tanturn
765 2585 850 2640 n‘v‘ere
858 2601 959 2656 pugna,

376 2663 452 2729 lnque
467 2660 519 2730 pios
534 2657 637 2711 dominre
649 2657 715 2727 posse
726 2660 807 2712 redire
821 2661 896 2713 sinus.

339 2734 451 2794 Parcite,
464 2732 625 2793 Dardanidae,
637 2733 730 2795 detor,
741 2749 831 2803 precor
839 2770 848 2795 ,
856 2733 962 2787 notibus
970 2727 1030 2795 uni3

296 2809 330 2859 so
376 2809 415 2857 Nc
425 2825 492 2859 meus
502 2809 583 2859 exilio
593 2823 697 2875 corpore
706 2809 799 2880 sanguis
810 2822 859 2861 eat.

338 2875 397 2931 Non
409 2880 459 2941 est,
475 2891 546 2948 quent
556 2882 644 2946 deceat
654 2883 720 2935 nudo
730 2897 877 2935 concurrere
888 2879 955 2933 serio
966 2914 975 2943 ,

375 2953 490 3019 Saevaque
501 2956 526 3006 in
540 2956 667 3022 oppositos
677 2955 776 3022 pedon
788 2957 852 3005 serre
862 2952 939 3004 viros.

338 3026 435 3079 Fortius
444 3025 485 3076 ille
493 3025 587 3093 potest,
599 3029 677 3079 multo
687 3024 839 3094 cumpugnat
847 3043 939 3081 arnone·

375 3097 443 3150 Bella
446 3113 535 3176 gerant
542 3100 598 3161 aiii,
609 3097 755 3153 Protesisasrs
764 3111 838 3154 amet.
