2392 3892
261 440 416 513 Lrunn
441 446 468 513 Ι.
495 443 691 512 EznnrA
719 443 815 514 XIV.
845 466 915 539 14¹
998 400 1000 405 Ι

214 562 277 613 Ante
293 578 363 612 meos
376 562 436 627 [πρε
451 562 483 612 est
501 564 585 612 oculos
604 574 709 620 ornatu
728 581 775 614 nec
792 581 902 633 umquam

247 635 350 684 Brachia
365 634 465 701 derepti
483 635 560 684 saucia
576 634 637 684 fecit
652 652 707 684 acu.

214 707 281 774 Saepe
298 708 389 767 etiam,
408 708 514 757 nondum
530 706 625 772 digestis
640 723 711 756 mane
728 708 819 774 capiliis
828 742 838 766 ‚

248 780 375 847 Purpureo
392 781 468 848 jacuit
482 779 633 845 semi-supina
647 791 714 830 toro.
930 798 965 834 20

212 850 276 902 Turn
287 869 385 919 quoque
396 865 449 902 erat
458 852 567 918 negleiia
577 852 666 902 decens
677 852 832 904 :utThrecia
837 854 949 917 Bacche,

248 923 312 975 Cium
329 938 424 974 temere
442 924 467 972 in
482 924 552 973 viridi
568 925 674 991 gramine
691 924 744 975 lassa
762 925 836 992 jacet.

212 996 274 1050 tum
291 998 398 1064 graciles
413 994 486 1046 effent
500 1008 600 1055 tamen,
619 998 645 1047 &
659 998 777 1066 lanuginis
790 999 878 1060 instar,

248 1071 311 1120 Heu
330 1070 336 1118 Ξ
357 1070 417 1117 mala
432 1082 525 1118 vexatae
541 1081 630 1135 quauta
646 1072 745 1130 tulere,
765 1073 862 1124 comaei

213 1142 296 1209 Quium
313 1143 338 1192 se
355 1143 507 1208 praebuerunt
522 1142 588 1192 ferro
604 1143 726 1209 patienter
741 1144 769 1197 δι
783 1146 852 1215 igni,
935 1159 968 1209 25

250 1217 288 1267 Ut
304 1213 376 1265 fieret
391 1227 458 1265 torto
474 1215 560 1266 flexilis
576 1218 637 1266 orbe
654 1216 738 1268 sinus!

213 1288 373 1346 clamabam,
392 1288 477 1338 Scelus
492 1288 546 1344 est,
562 1288 618 1337 istos
633 1288 711 1339 scelus
727 1307 800 1341 urere
812 1292 904 1344 crines.

251 1362 346 1429 Sponte
363 1362 476 1410 decent:
492 1358 584 1425 capiti,
600 1351 699 1418 ferrea,
718 1377 790 1425 parce
807 1376 860 1415 tuo.

216 1434 273 1491 Vim
291 1434 378 1500 procul
395 1434 451 1483 hinc
467 1448 567 1482 remove
583 1447 591 1483 t
609 1449 659 1483 non
676 1432 710 1482 est
725 1433 765 1500 qui
780 1434 869 1485 debeat
884 1436 940 1487 uri:

251 1507 337 1557 Erudit
352 1506 460 1557 rdrnotas
475 1505 525 1572 ipse
540 1506 640 1571 capillus
656 1522 723 1556 acus.
841 1504 848 1517 '
935 1521 969 1573 30

216 1580 337 1631 Formosa
353 1580 447 1645 periere
464 1596 540 1629 comae
556 1595 564 1627 ε
583 1595 640 1643 quas
656 1579 732 1628 vellet
748 1577 862 1644 Apollo,

254 1652 322 1716 Quas
338 1653 415 1701 veliet
430 1652 503 1717 capiti
515 1650 625 1701 Bacchus
639 1650 711 1700 inesse
728 1651 780 1702 suo.

217 1725 268 1776 illis
286 1724 447 1783 contulerim,
466 1740 525 1789 quas
541 1724 660 1790 quondam
676 1725 740 1775 nuda
754 1725 839 1775 Dione

254 1795 362 1865 Pingitur
378 1797 486 1847 humenti
502 1795 628 1847 sustinuisse
645 1814 725 1847 manu.

218 1870 287 1934 Quid
302 1870 362 1919 maie
380 1870 506 1937 dispositos
524 1871 632 1937 quereris
647 1868 741 1938 periisse
758 1868 881 1937 capillos?
936 1884 969 1937 35

256 1942 322 2005 Quid
335 1942 456 2008 speculum
472 1942 549 1994 maesti
564 1944 651 2011 ponis,
668 1945 769 2011 inepta,
787 1942 881 1996 manu?

219 2016 278 2065 Non
290 2016 352 2065 hene
370 2016 489 2067 consuetis
504 2035 516 2066 a
532 2029 558 2066 te
575 2017 686 2084 speiiatis
702 2017 798 2069 ocellis.

256 2088 293 2138 Ut
308 2090 422 2154 placeas,
439 2089 513 2138 debes
528 2090 653 2139 immemor
670 2087 717 2138 etse
734 2088 781 2137 tui.

220 2162 279 2212 Non
294 2174 320 2210 te
337 2172 438 2210 cantate
452 2159 564 2209 laeserunt
579 2160 672 2225 pellicis
688 2160 790 2209 herbar:

255 2235 314 2284 Non
329 2248 388 2283 anus
402 2230 529 2282 Haemonii
544 2230 637 2297 perfida
649 2230 708 2278 lavit
722 2228 793 2296 aqui.
937 2244 974 2292 40

220 2307 276 2359 Noc
290 2305 335 2357 tibi
350 2305 387 2355 vis
402 2304 480 2354 morbi
494 2304 597 2363 nocuit3
615 2300 626 2367 (
641 2303 727 2370 procul
743 2318 816 2353 omen
830 2301 911 2355 abesto
922 2305 954 2372 t)

257 2381 312 2431 Nec
329 2379 414 2429 minuit
431 2375 513 2427 densas
529 2375 609 2427 invida
625 2376 705 2443 lingua
719 2392 810 2426 comas.

222 2452 293 2504 faita
308 2469 379 2502 manu
394 2450 511 2519 culpique
526 2450 567 2500 tui
583 2450 704 2516 dispendia
722 2448 809 2500 sentis:

258 2524 312 2591 Ipsa
328 2526 398 2576 dabas
414 2525 486 2590 capiri
503 2524 575 2574 mixta
592 2540 687 2574 venena
701 2534 755 2575 tuo.

222 2598 294 2648 Nunc
311 2598 354 2648 tibi
369 2598 477 2664 captivos
493 2598 575 2647 mittet
589 2596 721 2649 Germania
737 2598 836 2648 crines:
938 2608 973 2657 45

259 2670 334 2721 Culta
348 2670 499 2734 triumphata
514 2686 614 2719 munere
630 2670 713 2737 gentis·
725 2670 783 2720 eris.

223 2743 250 2796 O
268 2743 274 2793 !
291 2744 361 2809 quim
377 2740 461 2803 saepe,
478 2757 559 2790 comas
573 2743 653 2807 aliquo
668 2740 791 2798 mirante,
805 2736 923 2789 nrbebis!

260 2815 292 2865 Et
308 2815 394 2870 dices,
412 2811 481 2861 Emti
498 2828 560 2861 nunc
576 2828 623 2879 ego
639 2828 721 2861 merce
736 2810 847 2880 probor!

224 2888 314 2940 Nescio
331 2902 400 2954 quam
415 2901 460 2951 pro
474 2900 512 2932 me
527 2883 609 2933 iaudat
625 2901 688 2933 nunc
703 2883 744 2933 iste
756 2885 929 2952 Sygambmmt

259 2958 333 3010 Fama
349 2974 449 3017 tamen,
467 2956 582 3014 memini,
601 2955 655 3006 ciun
671 2957 716 3006 fuit
731 2957 772 3007 ista
787 2957 844 3008 mei.
943 2974 975 3019 50

225 3033 272 3087 Me
283 3033 390 3084 miserum
404 3032 410 3082 !
426 3035 542 3099 lacrymas
553 3030 615 3079 maie
627 3030 736 3080 continet
747 3047 756 3089 5
772 3046 862 3099 oraque
872 3032 959 3084 dextri

264 3104 392 3178 Protegit,
409 3108 523 3177 ingenuas
538 3103 601 3174 pina
617 3104 707 3158 rubore
723 3119 806 3175 genas·
