2392 3892
219 297 239 340 q

284 509 566 582 Hunorum.
590 514 670 581 ΕΡ.
697 513 780 583 XV.
841 516 892 611 65

186 624 262 680 Exsul
274 630 463 699 Hypermnchre
471 667 478 691 ,
487 632 592 699 pretium
602 631 703 699 pietatis
711 630 829 695 iniquum,

225 702 306 766 Quam
317 718 420 756 mortem
432 706 499 756 fratri
514 706 621 772 depulit,
638 705 687 770 ipsa
702 701 767 751 tulit.
905 719 957 773 130

186 773 300 834 Scribere
309 780 377 845 plura
385 780 462 837 libet3
473 779 514 828 sed
523 780 632 845 pondere
641 776 696 828 laffa
705 785 798 827 catena

223 848 265 898 Est
277 868 377 911 manus,
393 852 419 903 &
431 851 496 901 vires
505 850 679 920 subtrahitipsq
686 850 768 900 timor.

214 949 866 1031 ,επ-τηῂε-ὺ-τ--ὸ

271 1074 656 1140 EPISTOLA
718 1076 802 1146 XV.

311 1200 501 1261 sarano
542 1201 749 1263 Paroun

188 1284 246 1407 E
257 1366 371 1413 coum,
382 1366 411 1405 ut
420 1353 525 1420 inspecta
534 1354 567 1403 est
577 1353 685 1405 studhsae
692 1357 761 1408 litera
769 1359 880 1420 dextra,

224 1425 340 1477 Protinus
351 1428 385 1477 est
395 1428 471 1490 oculis
481 1427 577 1494 cognita
585 1426 663 1477 nostra
674 1428 723 1477 tuis
732 1428 744 1479 ἒ

188 1497 241 1557 An,
252 1500 300 1549 nisi
308 1500 403 1568 legiffes
413 1500 515 1550 audonis
525 1499 622 1549 nomina
631 1499 740 1565 Sapphus¹
750 1535 759 1561 ,

222 1572 279 1622 Hoc
290 1574 366 1624 breve
375 1574 478 1624 nescires
487 1573 551 1622 unde
557 1572 653 1622 veniret
661 1574 742 1639 opus?

188 1644 297 1696 Forsitan
311 1648 337 1697 &
347 1681 357 1706 ,
367 1664 440 1713 quare
453 1662 506 1697 mea
520 1646 569 1696 sint
580 1646 691 1703 alterna,
706 1648 834 1715 requiras,
907 1661 922 1713 5

224 1718 336 1769 Carmina
345 1737 353 1778 ;
361 1718 415 1769 ciam
424 1721 508 1788 lyricis
515 1719 560 1769 sim
570 1718 645 1787 magis
652 1732 708 1786 apta
719 1723 806 1773 modis.

190 1791 294 1842 Flendus
305 1809 373 1843 amor
380 1810 448 1843 meus
459 1792 492 1843 est
504 1810 511 1844 τ
523 1792 709 1860 elege'iaflebile
723 1812 831 1848 carmen.

224 1865 281 1913 Non
293 1865 351 1915 facit
360 1865 390 1916 ad
401 1868 517 1934 iacrymas
528 1867 634 1918 barbitos
644 1868 692 1916 ulia
703 1885 777 1928 meas.

189 1936 254 1989 Uror
262 1950 309 1996 ut,
325 1938 446 1989 indomitis
460 1939 540 2007 ignem
549 1940 717 1991 exercentibus
726 1941 812 2003 Euris,

223 2010 321 2060 fertilis
332 2013 439 2064 accensis
449 2013 564 2063 messibus
573 2013 643 2063 ardet
652 2029 720 2080 ager.
905 2026 939 2063 10

188 2080 251 2132 Arva
261 2082 345 2134 Phaon
352 2086 460 2135 celebrat
471 2086 563 2135 diversa
570 2085 719 2152 Typhoidos
728 2086 809 2137 Etnae
819 2101 829 2138 ι

220 2155 265 2205 Me
274 2158 342 2208 calor
351 2156 450 2208 AEtnaeo
460 2174 510 2206 non
518 2159 599 2206 minor
607 2158 664 2223 igne
675 2159 768 2223 coquit.

187 2228 240 2288 Nec
249 2229 309 2277 mihi
320 2260 327 2286 ‚
337 2228 455 2294 dispositis
465 2245 518 2294 quae
526 2228 624 2294 jungam
638 2228 849 2287 carmonensis,

222 2300 374 2352 Proveniant
383 2316 391 2351 t
401 2316 485 2351 vacuae
495 2300 598 2350 carmina
608 2301 696 2351 mentis
705 2295 778 2365 opus.

188 2372 239 2425 Nec
250 2391 289 2425 me
304 2374 431 2442 Pyrriades
444 2372 672 2440 Methymniadesve
684 2374 790 2440 puellae,
908 2385 937 2435 15

223 2448 277 2496 Nec
287 2464 327 2495 me
337 2446 481 2497 Lesbiadum
491 2457 574 2497 cetera
581 2448 652 2497 turba
662 2444 756 2511 juvant.

189 2517 249 2588 Vilis
264 2520 393 2576 Anathorie
404 2519 476 2578 ‚vilis
485 2519 542 2569 mihi
553 2520 654 2571 candida
664 2520 753 2589 Cydno
766 2537 775 2574 c

223 2593 281 2641 Non
291 2593 366 2641 oculis
377 2604 443 2659 grata
455 2592 489 2642 est
499 2593 581 2643 Atthis
591 2626 598 2651 ‚
609 2608 636 2643 ut
647 2607 718 2653 ante,
728 2597 805 2654 meis;

189 2661 268 2730 Atque
283 2665 461 2724 diecentum,
477 2682 535 2731 quas
548 2683 597 2715 non
611 2667 663 2717 sine
678 2668 778 2716 crimine
787 2665 885 2716 amavit

223 2738 337 2801 improbe
346 2768 353 2791 ‚
362 2738 490 2787 multarum
495 2739 627 2803 quodiam,
638 2755 699 2788 unus
709 2740 795 2788 b'abes.
905 2750 939 2786 20

189 2808 226 2862 Est
242 2810 306 2867 inte
324 2808 416 2863 facies,
434 2808 486 2857 suut
501 2811 550 2873 apti
563 2811 659 2860 lusibus
669 2810 736 2859 anui.
786 2835 788 2840 v

212 2882 248 2931 4Ο
258 2883 336 2931 facies
350 2881 427 2929 oculis
435 2879 544 2929 insidiosa
558 2883 619 2931 mois
631 2880 639 2929 !

190 2954 260 3003 Sume
271 2952 344 3006 fidem
357 2954 382 3003 &
392 2952 529 3018 pharetram
537 2968 545 3010 3
554 2951 598 3002 fies
607 2952 743 3005 manifestus
749 2952 848 3021 Apollo.¹

224 3026 351 3076 Accedant
362 3026 434 3091 capiti
446 3041 535 3076 cornua
544 3042 553 3083 ;
563 3027 672 3077 bacchus
684 3028 741 3078 eris.

190 3097 220 3150 Et
228 3098 314 3149 Poebus
325 3100 461 3163 Daphnen,
474 3101 499 3150 &
510 3098 619 3150 Gnosida
627 3100 735 3151 Bacchus
741 3102 846 3163 amavit3
902 3115 937 3165 25

225 3171 748 3245 Necnoratlyticos.i1h‚ve1illa,modos.
