2392 3892
280 435 797 525 Hnnornns.-E1².XVI·.
845 456 894 529 81

184 572 237 624 Tot
247 573 315 639 priris
326 574 431 625 abduuis
443 607 451 634 ,
467 591 550 641 ecquae
561 574 666 640 repetita
675 590 719 639 per
729 591 793 624 arma
803 576 837 626 est
848 575 861 626 i

222 646 305 697 Crede
317 649 373 698 mihi
385 681 392 705 ,
407 665 483 698 vanos
495 665 536 699 res
548 648 623 697 habet
636 647 677 697 ista
689 661 777 697 metus.

186 720 294 770 Nomine
307 734 425 787 ceperunt
436 722 563 787 Aquilonis
574 720 723 771 Erechthida
733 720 840 774 Thraces
852 737 860 775 t

223 792 256 842 Et
271 805 323 843 tuta
339 811 353 842 a
369 796 435 844 bello
445 794 546 845 Bistonis
562 811 605 843 ora
619 794 676 845 suit.

187 864 292 916 Phasida
303 883 384 933 puppe
400 866 464 916 novi
479 867 546 916 vexit
559 866 683 935 Pagasaeus
698 867 790 920 lason:
906 883 957 936 345

223 937 291 988 Laesa
305 956 352 993 nec
363 939 397 989 est
407 939 501 989 Colchi
509 939 618 990 Thessala
627 954 693 990 terra
705 958 787 992 manu.
887 931 892 944 ’

180 1010 227 1061 ffe
240 1027 340 1077 quoque
351 1012 390 1077 qui
402 1014 497 1078 rapuit,
517 1012 596 1079 rapuit
607 1012 722 1064 Minoida
732 1014 843 1067 Theseus
854 1031 866 1067 t·

226 1084 302 1132 Nulla
317 1096 393 1134 tamen
402 1086 484 1136 Minos
495 1086 582 1137 Cretas
596 1086 626 1137 ad
635 1104 698 1137 arma
713 1101 795 1139 vocat.

187 1157 285 1206 Terror
298 1156 322 1205 in
334 1158 369 1208 his
382 1158 433 1224 ipso
448 1159 523 1227 major
537 1159 600 1211 solet
614 1159 662 1209 esse
677 1161 789 1227 periclo:

226 1228 337 1296 Quaeque
354 1232 440 1282 timere
453 1233 531 1290 libet,
549 1232 695 1297 pertimuisse
710 1237 794 1299 pudet.
906 1250 919 1304 3
926 1251 960 1301 50

188 1303 263 1369 Finge
278 1315 378 1363 tamen,
396 1305 417 1353 si
431 1304 488 1360 vis,
504 1303 589 1369 ingens
604 1302 747 1370 consurgere
759 1309 870 1361 bellum:

222 1376 255 1425 Et
270 1376 330 1423 mihi
345 1375 399 1426 sunt
412 1376 496 1433 vires,
517 1373 542 1425 δι
557 1389 612 1422 mea
626 1375 676 1423 tela
691 1389 789 1428 nocent.

187 1449 242 1498 Nec
258 1449 339 1497 minor
355 1447 388 1497 efl
402 1447 487 1505 Asiae,
506 1450 576 1514 quim
591 1445 677 1497 vestre
695 1449 764 1513 eopia
776 1461 869 1503 terret:

224 1522 270 1571 illa
287 1521 344 1570 viris
361 1521 447 1580 diver,
469 1520 536 1571 dives
553 1520 661 1569 abundat
676 1521 752 1587 equis.

189 1595 242 1644 Nec
258 1596 311 1660 plus
324 1594 423 1652 Atrides
440 1595 514 1643 animi
528 1591 659 1643 Menelaus
673 1592 793 1653 habebit,
908 1608 921 1662 3
928 1612 940 1665 5
947 1612 960 1661 5

226 1667 306 1730 Quem
322 1666 407 1726 Paris;
423 1680 465 1717 aut
481 1666 551 1717 ermis
565 1666 738 1717 anteferendus
752 1668 813 1719 erit.

190 1739 261 1789 Fene
277 1756 337 1804 puer
351 1740 418 1791 caesir
433 1740 532 1791 abduste
547 1752 657 1790 armenta
669 1742 753 1807 recepi

226 1813 358 1873 Hostibu53
377 1814 403 1865 dt
418 1813 510 1864 causam
526 1813 629 1863 nominis
645 1813 700 1862 inde
715 1814 774 1867 tusi.

192 1884 261 1936 Paene
277 1888 418 1952 puer‘vario
432 1886 533 1955 juvenes
549 1886 680 1937 certamine
694 1886 741 1936 viri
752 1921 764 1946 ‚.
855 1943 857 1947 ,

227 1960 255 2009 ln
269 1960 355 2025 quibus
369 1960 495 2020 Ilioneus,
515 1959 709 2027 Deiphobusque
724 1962 780 2010 suit.
909 1963 962 2029 360

193 2032 261 2081 Neve
276 2033 346 2099 putes
359 2065 367 2092 ,
384 2051 433 2083 non
443 2051 485 2084 me
493 2033 537 2085 nisi
549 2033 658 2084 cominus
672 2032 718 2082 effe
728 2033 884 2086 timendum:

228 2105 318 2173 Figitur
331 2108 356 2155 in
369 2106 429 2172 jusso
444 2105 521 2156 nosi'ra
536 2106 622 2173 sagitta
637 2106 706 2153 l‘oco.

194 2177 257 2227 Num
267 2192 339 2244 potes
349 2180 403 2227 haec
412 2179 449 2227 'nii-
457 2179 538 2242 primae
552 2179 611 2226 dare
628 2176 688 2225 sada
702 2174 808 2240 juvente
820 2174 834 2226 Ξ

228 2250 347 2301 Instruere
361 2250 465 2301 Atriden
478 2265 534 2298 num
549 2261 622 2315 potes
637 2259 689 2297 arte
704 2247 780 2298 mei²

196 2323 281 2374 Omnia
292 2342 313 2375 rr
305 2324 440 2381 dederis,
454 2322 568 2388 numquid
577 2321 643 2372 dabis
653 2319 765 2371 Heeora.
770 2321 894 2376 situm?
911 2325 943 2393 36
947 2343 960 2391 5

229 2396 325 2448 Unus
314 2413 334 2446 ις
348 2398 466 2447 innumeri
459 2395 559 2447 'militis
573 2394 643 2445 instar
658 2395 740 2447 habet.

196 2468 260 2535 Quid
273 2470 386 2529 valeam,
404 2470 503 2521 nescis:
521 2469 546 2521 &
559 2481 586 2520 te
601 2485 655 2520 mea
669 2471 758 2523 robora
772 2470 868 2526 salhmt·

227 2545 369 2611 ignoras,
368 2545 407 2593 cui
420 2544 454 2595 sis
468 2556 541 2610 nupta
557 2544 676 2595 futura
652 2561 721 2595 vtro,
853 2555 857 2568 ¹

195 2616 245 2667 Aut
257 2617 331 2683 igiiur
345 2618 411 2666 nulio
424 2617 481 2667 belli
495 2618 607 2684 repetere
621 2620 725 2669 tumultu
736 2617 760 2677 ,.'

230 2689 287 2739 Aut
301 2688 389 2738 cedent
403 2689 478 2740 Marti
491 2689 584 2741 Dorica
601 2691 673 2741 castra
689 2705 755 2739 meo·
911 2703 964 2757 370

196 2763 249 2813 Nec
266 2774 350 2812 tamen
363 2761 469 2829 indigner
484 2782 529 2829 pro
541 2776 609 2814 tanta
623 2764 715 2812 sumere
730 2762 821 2811 ferrum
924 2781 928 2788 ·

232 2834 371 2903 conjuge:
387 2846 512 2886 certamen.
520 2837 617 2916 praemie
632 2850 717 2904 magna
731 2847 846 2887 movent

197 2908 236 2959 Tu
250 2923 367 2974 propre,
383 2908 403 2956 si
420 2906 451 2955 de
463 2920 489 2957 te
502 2909 577 2960 tor'us·
585 2906 739 2957 contenderit
752 2907 843 2968 orbis,

233 2983 332 3031 Nomen
348 2982 379 3030 ab
395 2992 485 3031 aeterna
500 2981 640 3048 posteritate
657 2979 731 3030 st'rer·

200 3055 248 3121 Spe
263 3053 336 3105 modo
350 3052 643 3113 nontimidd‚1>ishinc
660 3051 750 3118 egressa
764 3053 892 3114 secundis,
914 3068 964 3122 375

237 3126 313 3198 Exige
327 3143 385 3179 cum
396 3126 467 3194 pleni
478 3126 661 3194 munera-patu
675 3124 732 3179 fide.
855 3145 859 3154 ·

804 3198 831 3249 D
844 3212 860 3249 v
