2392 3892
265 444 337 520 150
389 424 598 517 Orrnrr'
626 428 875 498 Anionem

260 547 319 597 Non
333 545 398 594 oculi
412 556 511 595 tacuere
525 546 580 604 tui3
598 546 780 613 conscriptaque
797 547 857 597 vino
902 584 905 588 ·

297 617 383 667 Mensa
401 633 408 668 :
425 619 509 668 necin
527 619 608 687 digitis
622 620 693 669 litera
708 621 773 669 nulla
790 620 846 670 fuit.

261 690 403 741 Sermonem
419 692 526 758 agnovi,
546 690 557 755 (
574 692 631 759 quid
645 708 694 742 non
707 692 820 741 videatur
834 694 925 745 amanti
935 690 968 764 i)

217 774 252 812 20
296 764 428 831 Verbaque
443 780 489 829 pro
503 764 577 815 certis
590 764 649 831 juffa
662 766 745 815 valete
758 765 835 814 notis.

261 836 363 903 Jamque
377 837 491 903 frequens
506 838 567 887 ierat
580 837 663 887 mensi
678 838 779 887 conviva
791 837 909 892 remotit

298 909 435 978 Compositi
447 908 549 977 juvenes
564 927 626 961 unus
642 910 668 961 ἀ
682 913 744 961 alter
760 921 839 963 erant.

261 982 374 1049 Improba
390 996 441 1033 tum
456 980 517 1033 veti>
532 982 661 1051 jungentes
678 983 760 1033 oscula
774 983 835 1035 vidi.

298 1057 342 1105 llla
355 1056 412 1105 mihi
427 1056 507 1121 lingui
522 1071 585 1105 nexa
601 1054 669 1104 fuisse
683 1055 771 1121 liquet.

218 1140 250 1189 25
263 1126 349 1191 Qualia
364 1144 411 1176 nec
426 1127 493 1176 fratri
509 1128 592 1177 tulerit
609 1142 720 1197 germana
737 1128 847 1188 sevet03

297 1199 346 1248 Sed
362 1199 445 1248 tulerit
460 1199 549 1263 cupido
563 1200 642 1249 mollit
656 1199 731 1248 amica
744 1200 808 1250 viro.

262 1271 351 1337 Qualia
367 1271 482 1321 credibile
499 1271 552 1330 est,
566 1288 616 1321 nec
630 1262 746 1322 Phoebum
760 1273 826 1322 serre
842 1273 955 1334 Dianae}

297 1345 347 1395 Sed
360 1346 485 1399 Venerem
501 1344 577 1394 Marti
594 1345 656 1412 saepe
670 1345 747 1396 tulisse
763 1345 815 1395 suo.

262 1418 330 1483 Quid
340 1418 400 1468 fa'cis
411 1416 422 1467 ἓ
432 1420 542 1467 exclamo
552 1434 560 1476 3
573 1416 621 1485 qud
632 1434 695 1467 nunc
705 1435 758 1469 mea
770 1419 855 1486 gaudia
867 1415 968 1469 desert?

219 1506 253 1556 30
298 1491 405 1557 injiciam
423 1492 530 1542 domitas
545 1491 570 1540 in
585 1508 638 1540 mea
654 1490 706 1557 jura
721 1508 814 1542 manus.

261 1564 323 1615 Haec
336 1565 380 1615 tibi
395 1565 442 1613 sint
458 1581 552 1615 mecum
569 1580 577 1615 a
593 1564 651 1614 mihi
665 1564 714 1614 sint
730 1565 863 1613 communia
879 1576 968 1614 tecum.

299 1636 327 1686 ln
342 1638 404 1685 bona
420 1652 463 1686 cur
478 1637 598 1703 quisquam
615 1636 702 1687 tertius
715 1636 756 1685 ista
770 1635 860 1685 ueniti
948 1687 949 1692 ,

261 1708 318 1758 Hoc
335 1725 400 1776 ego,
418 1725 520 1775 quaeque
537 1710 609 1759 dolor
623 1710 709 1777 linguae
724 1709 820 1758 disiavit
837 1724 845 1758 ε
860 1721 886 1758 at
900 1709 936 1759 illi

298 1781 401 1830 Conscia
417 1778 551 1847 purpureus
567 1783 636 1831 venit
649 1783 674 1831 in
690 1798 733 1832 ora
749 1782 837 1846 pudor.

216 1868 248 1919 35
261 1852 341 1917 Quale
356 1855 489 1911 coloratum
506 1855 609 1903 Tithoni
626 1852 730 1921 conjuge
747 1855 835 1903 coelum
953 1906 956 1912 ,

296 1925 435 1981 Subrubet‚
453 1938 493 1973 aut
509 1926 593 1989 sponso
610 1927 658 1974 visa
674 1926 755 1991 puella
771 1942 849 1977 novo.
903 1959 909 1990 3,

260 1996 341 2062 Quale
356 1997 416 2048 rose
430 1998 524 2065 fulgent
541 1998 606 2048 inter
620 1999 661 2047 sua
676 1999 725 2048 lilia
740 1999 841 2050 mixtaet

298 2070 349 2121 Aut
365 2071 406 2121 ubi
423 2071 524 2122 cantatis
541 2071 609 2121 Luna
624 2073 719 2122 laborat
733 2072 824 2139 equis:
863 2080 865 2091 '

259 2142 311 2195 Aut
328 2145 410 2211 quod,
427 2162 458 2195 ne
472 2145 550 2213 longis
564 2145 695 2196 flavescere
710 2146 787 2211 possit
801 2146 832 2195 ab
848 2143 939 2205 annis,

215 2231 251 2280 40
296 2218 402 2269 Maeonis
419 2217 537 2285 Assyrium
554 2218 643 2268 semina
657 2220 729 2269 tinxit
745 2221 814 2270 ebur.

260 2290 305 2339 His
321 2304 391 2349 erat,
409 2302 450 2339 aut
466 2292 537 2339 alicui
554 2294 624 2340 color
638 2292 679 2341 ille
693 2291 824 2341 simillimus
840 2292 946 2343 horum:

296 2362 327 2411 Et
341 2380 466 2427 numquam
481 2362 535 2411 casu
550 2365 673 2428 pulchrior
686 2363 727 2412 illa
741 2363 795 2412 suit.

260 2434 387 2499 spectabat
404 2448 492 2484 terram
508 2450 516 2483 t
531 2446 619 2483 terram
634 2435 738 2499 spectare
755 2435 868 2486 decebat.

133 2553 139 2565 ,
230 2505 233 2511 ’
297 2505 380 2556 Maesta
394 2517 446 2556 erat
461 2507 485 2553 in
499 2507 568 2554 vultu
584 2523 592 2555 a
608 2506 686 2556 marsia
701 2507 818 2559 decenter
833 2523 895 2560 erat.

215 2594 232 2640 4
237 2593 248 2641 5
261 2578 327 2629 Sicut
344 2591 430 2637 erant,
451 2574 462 2641 (
477 2577 503 2627 &
517 2591 586 2627 erant
602 2580 679 2639 culti,
698 2580 709 2647 )
725 2582 815 2631 laniare
831 2584 950 2649 capillos,

225 2682 227 2686 ,
263 2644 266 2654 ⁴
297 2652 328 2702 Et
343 2653 388 2702 suit
404 2654 428 2702 in
444 2664 540 2701 teneras
557 2652 660 2717 impetus
674 2654 710 2703 ire
728 2672 813 2723 genas.

260 2725 298 2775 Ut
313 2726 398 2794 faciem
412 2726 480 2784 vidi,
498 2725 574 2775 sortes
590 2727 703 2777 cecidere
717 2730 823 2779 lacerti:

296 2799 403 2850 Defensa
421 2799 454 2850 est
469 2800 540 2850 armis
554 2799 633 2850 nolira
648 2803 729 2866 puella
744 2802 800 2852 suis.

262 2870 313 2933 Qui
327 2871 400 2923 modo
416 2872 489 2923 saevus
502 2889 586 2933 eram,
605 2874 703 2940 supplex
717 2876 830 2943 ultroque
843 2874 951 2938 rogavi,

218 2957 252 3005 50
299 2942 388 3016 Qscula
403 2962 434 2997 ne
446 2947 518 3004 ¹nobis
535 2946 657 2996 deteriora
673 2947 749 2996 daret.

264 3014 345 3074 Risit,
364 3018 434 3079 &ex
449 3020 528 3067 animo
543 3019 608 3068 dedit
625 3018 704 3066 oscula
719 3033 726 3065 ε
740 3016 817 3082 qualia
831 3018 926 3083 possent

298 3087 421 3141 Excutere
437 3090 500 3142 irato
513 3091 562 3142 tela
577 3089 673 3141 trisulca
689 3088 756 3141 Jovi.
