2392 3892
288 488 812 567 Hrnoinrs.nr.1111.
851 513 899 589 33

188 617 247 675 Non
264 634 312 686 ego
323 618 371 667 sum
381 616 479 666 Phthias
489 648 496 673 ,
507 613 646 682 magnisque
655 613 755 664 oriimda
766 614 880 683 Mycenis
893 631 900 666 ι
916 612 964 678 165

225 693 280 742 Nec
293 691 408 741 steterunt
419 690 443 739 in
453 701 478 738 te
492 690 577 753 vitque
589 699 705 753 paterque
716 704 792 737 meus.

191 766 218 816 si
239 765 316 831 pudet
334 764 433 821 uxoris3
450 778 499 811 non
519 774 611 826 nupta,
631 759 672 809 sed
689 760 782 825 hospita
800 760 875 811 dicar.

225 838 293 887 Dum
313 849 354 886 tua
373 837 404 885 sit
422 835 505 892 Dido,
523 834 647 899 quodlibet
664 832 712 893 esse
724 835 802 884 seret.

190 910 257 962 Nota
272 910 331 958 mihi
351 910 414 959 sreta
431 908 485 956 sunt
501 907 585 955 Asrum
598 907 733 973 frangentia
750 908 826 957 litus:

225 982 390 1047 Temporibus
410 980 483 1028 certis
502 979 606 1045 dantque
624 993 760 1047 negantque
779 982 854 1029 viam.
914 982 964 1037 170
1050 1030 1052 1034 ,

189 1054 253 1107 cum
271 1054 338 1103 dabit
353 1070 409 1102 aura
431 1052 508 1111 viam,
528 1053 645 1118 praebebis
668 1054 764 1102 carbasa
774 1054 864 1104 ventis.

227 1126 379 1177 Nunc'levis
394 1123 493 1191 ejesiam
508 1126 618 1175 continet
636 1127 690 1194 alga
704 1141 791 1177 ratem.

188 1200 302 1265 Tempus
318 1210 345 1248 ut
362 1199 502 1256 observem,
519 1200 605 1249 manda
617 1200 695 1257 mihi3
712 1198 802 1251 certitis
819 1198 865 1249 ibis
881 1215 889 1250 t

226 1274 283 1323 Nec
296 1284 338 1330 te,
356 1272 377 1321 si
395 1273 477 1338 cupies
497 1272 562 1336 ipse,
581 1288 679 1321 manere
692 1275 775 1323 sinam.

189 1347 223 1397 Et
242 1345 300 1396 socii
320 1346 429 1411 requiem
446 1344 551 1409 poscunt
562 1376 578 1415 ,Ι
589 1344 723 1408 laniataque
737 1346 819 1397 classis
900 1347 943 1400 v17
947 1353 960 1402 5

225 1418 334 1470 Postulat
348 1418 446 1483 exiguas
462 1414 608 1464 semiresesia
625 1430 712 1463 moras.

188 1490 359 1547 Promeritis',
381 1490 407 1558 bt
425 1488 445 1538 si
462 1504 509 1554 qua
520 1487 564 1537 tibi
575 1488 732 1554 praebebimus
749 1490 830 1549 ultra,
868 1493 870 1496 ’

225 1565 274 1615 Pro
291 1563 332 1629 spe
350 1559 457 1631 conjugii
477 1573 586 1626 tempora
607 1577 680 1625 parva
698 1574 767 1626 peto.

188 1638 256 1691 Dum
273 1637 336 1687 freta
346 1636 474 1685 mitescunt
485 1634 509 1684 &
520 1636 597 1684 Amor
608 1666 616 1691 ,
634 1633 690 1683 dum
704 1647 816 1701 tempore
826 1634 850 1685 &
860 1635 902 1685 usu

225 1711 336 1763 Fortiter·
353 1708 435 1758 edisco
452 1706 525 1757 tristia
543 1705 610 1773 posse
630 1707 688 1774 pati.
918 1711 971 1762 180

191 1786 234 1836 Sin
254 1783 349 1841 minus,
369 1781 403 1833 est
421 1781 512 1831 animus
527 1780 602 1847 nobis
626 1779 750 1831 effundere
769 1782 853 1835 vitam.

226 1858 255 1907 in
275 1872 314 1904 me
333 1854 435 1904 crudelis
452 1870 502 1904 non
516 1866 586 1919 potes
603 1852 650 1903 esse
667 1854 716 1905 diu.

191 1929 298 1995 Aspicies
316 1928 406 1977 utinam
426 1944 478 1994 quae
495 1928 526 1977 sit
540 1926 663 1978 scribentis
677 1928 772 1996 imago!

229 2001 377 2059 Scribimus;
400 2001 425 2051 δι
440 2001 532 2069 gremio
549 1999 656 2050 Troicus
675 2003 739 2051 ensis
757 2001 843 2052 adest:

192 2074 285 2141 Perque
303 2089 376 2141 genas
396 2074 507 2140 lacrymae
523 2072 626 2123 striftum
641 2075 753 2125 labuntur
764 2075 787 2125 in
798 2075 895 2133 ensem,
914 2077 945 2128 18
950 2095 961 2142 5
1061 2128 1062 2132 ,

228 2148 278 2212 Qui
291 2146 339 2213 jam
350 2136 398 2211 bro
413 2146 524 2213 lacrymis
540 2146 652 2213 sangnine
670 2147 758 2197 tinstus
773 2148 828 2197 erit.

193 2220 273 2286 Qudm
292 2222 355 2269 bene
368 2220 516 2268 conveniunt
533 2219 583 2268 sato
598 2231 640 2266 tua
656 2234 755 2272 munera
765 2219 864 2269 nossro!

226 2293 321 2344 Instruis
337 2290 444 2357 impensi
455 2290 533 2339 nostra
550 2290 658 2355 sepulcra
665 2290 742 2339 brevi.

191 2367 246 2417 Nec
265 2382 319 2417 nica
333 2381 397 2414 nnnc
412 2364 488 2429 primo
504 2362 624 2414 ,feriuntur
640 2363 739 2427 pesiora
754 2364 805 2414 telo
820 2380 829 2416 t

226 2440 272 2490 llle
291 2440 360 2490 locus
377 2436 432 2487 saevi
446 2438 532 2487 vuinus
541 2435 637 2486 Amoris
645 2437 728 2487 habet.
915 2464 962 2512 190

190 2512 263 2564 Anna
271 2512 341 2561 soror
351 2543 359 2568 ,
369 2511 437 2574 soror
445 2509 514 2559 Anna
524 2542 531 2567 ,
543 2525 604 2559 mcae
614 2512 675 2560 male
685 2509 778 2561 conscia
788 2513 881 2581 culpa,

226 2586 283 2638 Jam
299 2584 365 2634 dabis
384 2584 409 2633 in
426 2583 519 2633 cineres
535 2584 619 2632 ultima
632 2584 695 2633 dona
714 2600 789 2635 niens.

190 2660 247 2710 Nec
268 2656 391 2707 consumta
407 2656 490 2724 rogis,
508 2656 621 2706 inscribat
637 2655 705 2707 Elissa
722 2658 826 2709 Sichaei':

226 2731 287 2781 Hoc
303 2730 422 2779 tamenin
434 2730 520 2779 tumuli
535 2745 653 2779 marmore
668 2746 764 2779 carmen
781 2731 839 2782 erit.

189 2802 299 2859 Praebuit
314 2801 405 2852 AEneas
424 2804 449 2853 bt
467 2803 559 2851 causam
574 2804 660 2861 mortis
676 2802 702 2851 bt
720 2801 821 2853 ensem:
915 2828 962 2883 ¹95

227 2876 282 2945 lpse
301 2876 343 2927 sut
362 2875 429 2928 Dido
448 2874 555 2925 concidit
570 2874 612 2923 usa
629 2889 713 2926 manu.

465 3015 634 3094 &ow
