2392 3892
303 469 377 543 232
429 448 636 519 Omma
664 448 919 521 Nasonis

304 569 412 618 Candida
427 568 564 635 jamdudum
582 570 708 636 cingantur
725 570 788 619 coila
805 571 925 621 lacertis:
945 606 950 613 ‚

338 644 419 707 Inque.
430 655 485 692 tuos
500 643 560 693 flens
575 643 609 691 est
625 642 763 708 accipienda
780 644 856 692 sinus.

304 714 395 765 Oscula
411 716 440 763 da
455 715 547 782 flenti:
562 716 669 768 Veneris
686 715 715 763 da
732 716 817 793 gaudia
834 714 926 775 flenti,

240 786 294 851 460
340 788 390 837 Pax
405 789 452 837 erit
469 805 476 838 ε
494 789 541 837 hoc
558 806 608 837 uno
624 788 724 838 solvitur
742 789 775 836 ita
792 785 875 837 modo.

304 860 365 911 Ciam
381 863 443 911 bene
458 861 579 920 saevierit,
597 862 651 911 cuim
668 874 734 910 certa
748 860 869 912 videbitut
883 861 982 921 hostica
1001 912 1003 917 ,

341 934 403 984 Tum
421 947 478 999 pete
496 934 640 984 concubitus
656 934 748 983 foedera
765 950 771 982 :
788 934 851 983 mitis
868 934 925 984 erit.

303 1007 378 1064 illic,
395 1007 530 1072 depositis,
546 1009 637 1057 habitat
652 1006 810 1064 Concordia,
829 1007 905 1057 telis:
1001 1037 1003 1040 -

341 1080 407 1138 1110,
424 1082 497 1130 crede
514 1081 590 1137 mihi,
610 1078 696 1128 Gratia
712 1091 768 1128 nata
783 1081 841 1128 loco
857 1079 902 1129 est.

241 1151 293 1213 465
305 1152 368 1217 Quae
378 1150 615 1217 moddpugnirunt,
626 1150 731 1218 jungunt
742 1151 782 1200 sua
793 1152 867 1201 rostra
878 1154 1016 1212 columban

340 1224 447 1287 Quarum
464 1224 589 1273 blanditias
607 1226 731 1289 verbaque
747 1241 852 1274 murmur
867 1226 952 1277 habet.

303 1295 381 1347 Prima
397 1296 443 1347 fuit
459 1314 539 1347 terum
557 1296 656 1345 confusa
672 1298 723 1346 sine
741 1297 827 1346 ordine
842 1300 941 1348 moles:

340 1370 443 1435 Unaque
458 1383 527 1419 erant
542 1370 618 1419 facies
633 1369 730 1427 sidera,
748 1382 836 1427 terta,
851 1370 951 1420 fretum.

259 1439 323 1493 Mox
333 1444 421 1492 coeium
431 1442 567 1508 impositum
577 1442 649 1492 tertis
656 1443 757 1493 :humus
766 1459 864 1508 aequore
877 1444 953 1493 cintia
965 1441 1015 1493 eii:

240 1527 295 1576 470
341 1516 416 1582 Inque
434 1516 485 1566 suas
501 1528 582 1582 partes
598 1516 673 1565 cessit
688 1515 759 1563 inane
777 1516 869 1565 Chaos.

304 1588 369 1637 Silva
385 1589 467 1645 feras,
486 1590 599 1639 volucres
616 1581 663 1637 a'e'r¹
672 1588 768 1652 accepit
783 1588 930 1637 habendas:

340 1661 368 1709 In
383 1661 490 1727 liquidi,
509 1661 605 1726 pisces,
626 1660 749 1710 delituistis
766 1660 835 1727 aqua.

303 1732 368 1782 Tum
384 1750 461 1801 genus
474 1736 602 1783 humanum
619 1733 675 1782 solis
693 1734 789 1783 errabat
801 1734 828 1782 in
840 1732 903 1801 agris
916 1749 926 1784 t

341 1806 415 1873 idque
432 1824 505 1857 meiae
519 1807 583 1857 uires
602 1807 628 1858 δι
643 1806 706 1855 rude
720 1822 808 1871 corpus
825 1819 888 1857 erat.

240 1892 291 1941 475
304 1877 368 1928 Silva
385 1880 469 1929 domus
484 1880 581 1937 fuerat,
598 1880 665 1927 cibus
680 1879 773 1937 herba,
791 1879 878 1927 cubilia
895 1878 1015 1933 frondeta

342 1950 441 2017 Jamque
459 1951 498 1999 diu
515 1951 573 2000 nulli
589 1950 700 2017 cognitus
717 1952 779 1999 aiter
795 1963 857 2000 erat.

302 2022 392 2073 Blanda
408 2037 489 2073 tnuces
505 2024 597 2073 animos
614 2024 692 2072 fertur
708 2022 807 2073 mollisse
823 2025 964 2089 voluptas:

342 2094 504 2147 Constiterant
519 2114 568 2147 uno
586 2095 675 2146 femina
691 2096 775 2161 uirque
793 2097 863 2145 loco.

304 2170 371 2235 Quid
385 2170 512 2228 iacerent,
530 2170 576 2237 ipsi
592 2171 659 2218 nullo
676 2168 781 2218 didicere
796 2168 930 2235 magistro:

239 2242 293 2303 480
341 2244 402 2294 Arte
416 2245 502 2297 Venus
517 2243 583 2293 nulli
599 2243 671 2292 dulce
687 2241 783 2308 peregit
799 2258 869 2308 opus.

282 2365 286 2371 ,
302 2316 363 2366 Ales
373 2318 460 2376 habet,
473 2316 538 2383 quod
548 2328 613 2365 amet
626 2331 633 2365 ε
645 2332 699 2363 cum
709 2331 758 2380 quo
769 2314 807 2363 sua
818 2314 903 2382 gaudia
912 2312 1020 2381 jungat,

340 2389 435 2439 Invenit
452 2390 477 2437 in
493 2389 570 2438 media
588 2388 676 2437 semim
693 2388 762 2452 piscis
779 2388 854 2453 aquia

278 2522 282 2530 .
302 2460 381 2511 Cerva
396 2478 480 2526 parem
494 2462 622 2527 sequitur:
640 2460 736 2525 serpens
753 2460 868 2524 serpente.
877 2470 975 2507 tenetur
987 2473 1000 2509 a

339 2532 422 2581 Haeret
439 2533 559 2582 adulterio
577 2548 631 2581 cum
651 2548 709 2582 cane
727 2549 788 2581 nexa
805 2534 881 2583 canis.
907 2565 909 2569 s

239 2604 273 2666 48
279 2620 291 2668 5
303 2605 373 2657 Laeta
386 2606 464 2655 salitur
480 2604 554 2655 ovis:
569 2619 640 2654 tauro
657 2622 753 2672 quoque
771 2607 825 2655 iaeta
840 2604 945 2670 juvenca
962 2600 1019 2669 est5

339 2673 441 2729 Sustinet
458 2678 604 2729 immundum
620 2678 678 2728 sima
697 2679 788 2743 capella
805 2694 904 2728 marem.

302 2753 330 2804 In
345 2753 419 2802 furias
434 2753 554 2820 agitantur
572 2769 662 2818 equae,
679 2750 803 2816 spatioque
820 2762 915 2800 remota
975 2770 977 2774 ·

340 2825 387 2875 Per
402 2828 475 2886 loca,
497 2827 607 2876 dividuos
623 2841 691 2874 amne
708 2824 837 2889 sequuntur
855 2836 939 2884 equos.

275 2929 278 2934 ·
303 2898 371 2965 Ergo
387 2916 450 2965 age,
472 2901 497 2949 dt
515 2900 581 2949 iratae
596 2897 752 2948 medicamina
767 2896 839 2945 fortia
855 2891 960 2957 praebe3

240 2982 293 3034 490
341 2972 383 3019 llla
402 2972 447 3032 feri
464 2974 573 3038 requiem
588 2971 638 3020 [ola
656 2969 746 3019 doloris
762 2968 860 3015 habent.

303 3042 349 3092 iila
364 3043 524 3095 Machaonios
541 3045 653 3109 superant
667 3038 820 3089 medicamina
836 3035 947 3105 succos}

340 3112 404 3173 1113,
424 3116 464 3165 ubi
478 3116 610 3185 pectinis,
627 3109 784 3165 restituendus
800 3108 860 3159 etis.
