2392 3892
264 450 427 523 Lisai
452 449 507 519 11.
533 450 729 517 Eanum
758 451 817 520 ΙΙ.
847 468 918 544 ¹45

210 571 325 624 <lumine
345 568 481 625 dissiliunt,
501 566 608 633 abruptis
624 567 754 627 saucibus,
773 585 883 638 angues3
927 584 961 633 25

244 646 324 711 Inque
342 642 397 692 suos
411 642 492 691 sontes
506 640 574 690 versa
591 641 694 689 recurrit
710 658 780 706 aqua.

213 717 365 768 Carminibus
380 714 469 764 cessere
485 714 551 762 sores
568 728 576 760 ε
593 713 728 778 insertaque
743 712 820 779 posti,

245 789 367 855 Quamvis
383 790 458 837 robur
474 796 546 843 erat,
564 787 666 834 carmine
681 786 743 835 viiia
758 786 809 835 sera
825 786 867 837 est.

205 855 277 928 ¹Quid
292 862 351 911 mihi
367 858 488 925 profuerit
503 858 578 906 velox
594 871 702 907 cantatus
717 858 847 909 Achilles?

201 981 206 994 ,
245 936 315 1001 Quid
332 950 379 999 pro
396 948 435 981 me
451 928 550 978 Atrides
566 930 627 978 alter
644 930 670 979 &
686 931 748 979 alter
762 929 857 997 agent?
931 946 965 997 30

216 1006 309 1075 Quique
331 1018 373 1055 tot
388 1001 511 1059 errando,
529 1013 588 1068 quot
604 1003 687 1060 besso,
706 1004 810 1069 perdidit
826 1020 920 1063 annos,

245 1080 345 1147 Raptus
364 1076 390 1126 δι
404 1075 536 1125 Haemoniis
553 1074 638 1125 flebilis
657 1075 750 1126 Hesior
766 1076 858 1145 equis?

214 1152 263 1213 it,
280 1152 348 1204 facie
364 1162 454 1200 tenerae
469 1147 565 1197 laudata
582 1148 644 1214 saepe
659 1150 765 1215 puellae,

247 1226 287 1277 ud
301 1237 404 1280 vatem,
421 1222 523 1286 pretium
539 1222 666 1280 carminis,
683 1223 732 1287 ipsa
746 1224 824 1277 venit.

216 1296 301 1367 Magna
317 1298 389 1347 datur
405 1309 521 1343 merces:
536 1294 639 1343 heroum
655 1293 719 1342 clara
733 1297 815 1345 valete
932 1309 963 1361 35

249 1371 352 1421 Nomina
368 1385 375 1419 :
393 1384 443 1417 non
459 1378 516 1431 apta
529 1364 563 1413 est
579 1364 655 1431 gratia
671 1365 746 1414 vestra
762 1367 831 1418 mihi.

216 1442 323 1494 Ad'mea
336 1439 449 1493 sormosae
464 1438 546 1488 vultus
562 1438 675 1485 adhibete
690 1439 777 1501 puellae

236 1515 380 1574 ‚carmina,
399 1526 534 1579 purpureus
552 1527 606 1576 quae
623 1511 681 1559 mihi
695 1510 769 1562 disiat
782 1511 869 1561 Amor.

247 1618 892 1691 ouzz-nss'ssa

393 1728 647 1803 ELEGIA
689 1737 748 1801 II.

293 1911 311 1947 u
320 1910 336 1948 c
345 1910 368 1947 Μ
379 1914 453 1964 penes
463 1898 495 1949 est
506 1898 625 1949 dominam
636 1895 745 1949 servandi
755 1914 812 1949 cura
824 1930 833 1959 ,
848 1896 947 1967 BagoE,

289 1972 355 2021 Dum
370 1988 458 2039 perago
475 1985 556 2023 tecum
572 1989 667 2039 pauca,
687 1972 729 2022 sed
741 1985 818 2041 apta,
835 1988 904 2023 vaca.

218 2041 335 2094 Hesterni
348 2045 398 2093 vidi
414 2044 554 2110 spatiantem
569 2048 625 2096 luce
641 2047 765 2111 puellam,

252 2117 314 2176 lili,
335 2126 388 2183 quae
403 2117 486 2166 Danai
501 2119 609 2183 porticus
625 2135 709 2185 agmen
724 2120 806 2169 habet.

219 2188 347 2248 Protinus,
368 2202 395 2238 ut
413 2189 523 2253 placuit,
541 2190 613 2247 misi,
630 2192 764 2257 scriptoque
782 2190 876 2260 rogavi.
933 2206 946 2255 5

253 2261 387 2328 Rescripsit
402 2260 514 2326 trepidi,
535 2262 593 2311 Nou
609 2261 685 2321 licet,
703 2262 742 2312 iila
758 2281 836 2315 manu.

219 2334 268 2394 Et,
287 2351 331 2385 cur
347 2350 397 2385 non
415 2334 510 2393 liceat,
526 2335 661 2400 quaerenti,
677 2335 769 2386 reddita
785 2337 854 2387 causa
870 2335 925 2394 est3

255 2407 331 2472 Quod
347 2406 447 2457 nimium
465 2407 566 2457 dominae
585 2423 642 2457 cura
656 2407 752 2458 molesta
768 2408 867 2459 tuaest.

220 2480 245 2530 si
261 2482 340 2547 sapis,
358 2480 374 2530 ὃ
391 2480 490 2541 custos,
508 2480 609 2539 odium,
626 2481 683 2531 mihi
701 2482 793 2541 crede,
811 2481 898 2531 mereri
952 2496 956 2502 ·

255 2554 350 2604 Desine
366 2568 374 2603 r
394 2570 463 2620 quem
478 2555 565 2605 metuit
581 2556 699 2621 quisque,
721 2553 805 2622 perisse
823 2555 898 2619 cupit.
938 2569 971 2602 10

221 2626 265 2680 vir
275 2642 372 2693 quoque
387 2643 437 2677 non
443 2627 538 2693 sapiens
555 2642 564 2678 r
582 2628 639 2695 quid
654 2629 717 2678 enim
730 2628 824 2678 servare
838 2627 953 2685 laboret,

255 2698 329 2749 Unde
344 2698 423 2756 nihii,
442 2700 546 2764 quamvis
562 2717 611 2751 uon
626 2713 729 2757 tueare,
748 2698 836 2766 perit?

225 2767 270 2820 Sed
286 2781 357 2839 gerat
371 2769 413 2818 ille
428 2770 469 2819 suo
484 2788 574 2821 morem
591 2773 693 2825 furiosus
709 2774 804 2822 amoris

257 2844 289 2893 Et
304 2842 412 2903 castum,
429 2844 509 2893 muitis
526 2845 589 2911 quod
605 2848 705 2912 placer,
723 2844 769 2894 effe
786 2855 866 2911 putet·

225 2914 286 2965 Huic
301 2916 389 2966 furtiva
404 2928 449 2968 tuo
465 2917 563 2968 libertas
577 2935 676 2975 munere
692 2918 762 2967 detur
775 2934 784 2975 3
940 2933 951 2971 1
958 2932 971 2981 5

261 2989 340 3053 Quam
354 2989 450 3041 dederis
463 2991 518 3050 illi,
533 2991 619 3041 reddat
635 3003 662 3039 ut
677 2992 716 3040 iila
730 2989 783 3038 tibi.

227 3061 342 3112 Conscius
359 3062 404 3113 esse
419 3065 480 3115 velis
498 3080 505 3116 z
524 3063 620 3113 domina
637 3062 669 3111 est
684 3061 788 3111 obnoxia
805 3060 885 3119 servo,

262 3133 378 3184 Conscius
394 3137 442 3189 effe
457 3137 530 3189 times
546 3151 554 3189 ι
570 3135 717 3186 dissimulare
735 3133 803 3185 licet.

289 3210 373 3265 Turnus
389 3207 414 3265 1.
861 3206 887 3263 G
