2392 3892
280 449 355 519 262
404 447 616 515 Orrnrr
643 442 893 511 Nasum

216 566 354 638 745Exit,
373 565 419 621 dt,
436 564 533 612 incauto
548 562 661 628 paulatim
675 562 775 627 pedore
791 562 887 627 lapsus,

315 638 442 703 Excipitur
456 636 534 685 miseri
551 636 645 700 spiritus
659 651 704 683 ore
718 634 774 683 viri.
1022 682 1024 691 ,

280 712 331 766 Sed
339 724 477 777 repetamus
488 709 535 758 iter
548 725 556 758 ι
569 709 639 758 nudis
652 708 711 756 mihi
719 709 793 758 rebus
803 706 919 775 agendum
928 704 963 765 ed,

315 786 352 836 Ut
367 796 451 851 tangat
466 794 551 847 portus
569 780 626 830 feisa
641 782 721 830 carina
735 781 803 830 suos.

207 851 215 873 ⁸
281 858 382 908 Scilicet
396 855 538 921 tripetias,
554 854 612 903 dum
625 866 651 903 te
665 854 690 903 in
704 853 818 903 convivia
831 854 929 911 ducam

214 953 233 1003 7
235 954 269 1003 50
315 931 347 981 Et
361 930 448 996 quaeris
462 928 568 977 monitus
583 929 629 976 bac
645 943 741 993 quoque
755 938 826 992 parte
839 942 923 984 meos;

281 1006 340 1055 Sera
356 1003 435 1061 veni3
455 1001 583 1068 positique
599 999 690 1050 decens
704 1001 792 1049 incede
807 998 915 1049 luterni.

319 1075 395 1126 Grata
412 1092 479 1125 mora
494 1073 528 1123 est
541 1072 638 1123 Veneri
653 1089 661 1123 ε
676 1073 777 1123 maxima
792 1073 849 1121 lena
863 1087 928 1122 mota
939 1068 974 1120 est·

282 1150 334 1199 Etsi
348 1148 423 1212 turpis
440 1148 508 1203 eris,
526 1146 631 1195 formosa
644 1145 762 1195 videbere
777 1145 866 1210 potis3

317 1222 350 1270 Et
365 1221 468 1269 latebras
483 1218 548 1268 vitiis
564 1235 615 1267 nox
632 1219 698 1269 dabit
713 1217 762 1284 ipsa
777 1218 838 1269 tuis.

217 1312 269 1362 755
282 1294 362 1360 Carpe
378 1293 445 1342 cibos
460 1292 564 1359 digitis:
580 1291 615 1341 eli
629 1292 723 1357 quidam
737 1288 816 1357 gestus
829 1289 916 1341 edendi
924 1305 934 1348 ;
1022 1325 1023 1364 ¹

318 1366 371 1417 Ora
385 1382 432 1415 nec
447 1363 567 1414 immundi
581 1376 635 1414 tota
651 1381 758 1432 perunge
774 1380 856 1414 manu.
1022 1367 1023 1376 ¹

282 1440 354 1489 Neve
373 1439 437 1489 domi
452 1438 567 1504 praesume
583 1438 657 1503 dapes
674 1453 682 1487 ε
700 1438 726 1488 &
741 1437 845 1495 desine,
861 1436 921 1486 citra
987 1449 991 1461 ·

320 1511 399 1577 Quim
414 1513 495 1576 capies
510 1512 603 1577 paulo,
621 1514 690 1576 quim
706 1522 778 1575 potes
794 1509 842 1559 effe
852 1539 867 1568 ‚·
878 1509 958 1559 minus·

283 1584 413 1635 Priamides
429 1584 545 1634 Helenen
561 1582 633 1633 avidb
648 1584 669 1633 si
683 1582 773 1648 spediet
787 1583 921 1641 edentem,

220 1658 273 1723 760
320 1658 430 1715 Oderit;
448 1657 474 1707 δι
490 1657 573 1714 dicat,
592 1657 670 1706 Stulta
686 1656 769 1722 rapina
782 1672 837 1705 mea
851 1654 899 1705 est.-

280 1728 370 1795 Aptilis
385 1729 437 1788 est,
458 1729 531 1779 decet
548 1742 621 1795 atque
636 1729 710 1796 magis
723 1741 810 1794 potare
826 1729 937 1793 puellast

323 1802 385 1852 Cum
400 1803 506 1853 Veneris
521 1819 597 1868 puero
612 1819 662 1852 non
677 1803 758 1856 male,
774 1797 889 1861 Bacche,
903 1798 967 1861 facis.

220 1875 275 1925 Hoc
287 1892 383 1941 quoque
393 1908 401 1932 ‚
413 1879 459 1940 qua
468 1876 562 1940 patiens
573 1887 646 1940 caput
657 1873 690 1923 est
701 1891 708 1923 z
721 1875 862 1940 animusque
870 1875 984 1940 pedesque

321 1946 438 1995 Constent
453 1962 460 1995 ε
476 1963 542 2003 nec,
560 1963 614 2012 quae
631 1948 680 1995 sint
696 1947 807 2012 singula,
825 1947 882 1998 bina
896 1947 959 1997 vide.

220 2020 255 2086 76
258 2036 273 2085 5
282 2020 365 2084 Turpe
381 2018 464 2085 jacens
479 2020 585 2077 mulier,
602 2021 680 2070 multo
696 2020 828 2069 madefaua
843 2021 940 2087 Lyaeo:

318 2093 401 2161 Digna
417 2093 451 2142 est
468 2092 612 2142 concubitus
630 2094 750 2160 quoslibet
767 2094 809 2142 illa
825 2094 886 2159 pati.

284 2166 339 2216 Nec
356 2166 444 2216 somnis
458 2166 538 2232 positb
552 2178 630 2216 tutum
647 2167 802 2216 succumbere
819 2165 922 2219 membr

321 2238 368 2289 Per
384 2239 478 2289 somnos
496 2238 549 2289 fieri
562 2241 637 2289 multa
653 2239 764 2306 pudenda
781 2239 870 2290 solent.

284 2313 410 2363 Ulteriora
425 2312 501 2380 pudet
517 2311 622 2361 docuiffe
638 2328 646 2362 t
663 2312 704 2362 sed
719 2313 780 2361 alma
794 2312 900 2371 Dione,

221 2401 276 2452 770
322 2383 445 2452 Praecipuie
455 2382 558 2435 nostrum
569 2384 603 2433 est
614 2383 622 2443 ,’
634 2385 699 2450 quod
710 2384 803 2451 pudet,
815 2386 912 2451 inquit,
924 2398 990 2451 opus·

286 2457 353 2506 Nota
369 2459 413 2507 sibi
428 2458 476 2507 sint
492 2473 591 2521 quaeque
605 2473 612 2506 z
626 2457 712 2506 modos
726 2474 740 2505 a
757 2473 862 2523 corpore
878 2469 959 2509 certos

321 2529 413 2578 Sumite
428 2544 436 2578 τ
454 2544 503 2577 non
521 2544 604 2577 omnes
619 2545 666 2576 una
679 2527 755 2594 figura
770 2530 853 2582 decet.

285 2599 348 2665 Quae
365 2601 427 2651 facie
441 2600 567 2669 praesignis
583 2600 650 2660 eris,
668 2601 777 2667 resupina
792 2600 899 2669 jacetot

321 2675 463 2741 Spedlentur
478 2686 569 2742 tergo,
587 2672 639 2741 quis
655 2674 695 2725 sua
710 2687 779 2743 terga
795 2678 905 2743 placent.

223 2764 257 2813 77
263 2763 274 2811 5
286 2748 407 2799 Milanion
423 2749 528 2800 humeris
543 2748 669 2798 Atalantes
687 2765 755 2798 crura
772 2749 887 2809 ferebat3

322 2821 347 2870 Si
362 2823 424 2873 bona
438 2823 510 2879 sunt,
528 2822 576 2871 hoc
591 2821 644 2872 sunt
659 2822 798 2887 accipienda
814 2823 898 2872 modo.

286 2891 361 2943 Parva
370 2896 472 2945 vehatur
481 2911 545 2960 equo
554 2896 635 2961 :quod
644 2908 696 2945 erat
705 2896 855 2961 longissima,
867 2910 992 2963 numquam

322 2965 432 3017 Thebais
449 2968 573 3017 Hedloreo
589 2981 664 3033 nupta
679 2967 767 3019 resedit
782 2983 855 3032 equo.

287 3037 366 3087 Strata
381 3053 474 3105 premat
488 3041 606 3108 genibus,
624 3042 720 3106 paulum
735 3041 831 3089 cervice
846 3040 958 3108 reflexi,

224 3108 278 3176 780
323 3109 438 3174 Femina.
456 3115 614 3181 perlongum
630 3110 797 3177 conspicienda
810 3113 885 3167 latus.
