2392 3892
284 420 358 497 3m
470 386 802 471 Uurssas

281 522 381 571 Latratu
394 518 492 572 miseras
505 519 583 572 finivit
598 519 676 571 masta
692 521 823 586 querelas3

317 594 350 644 Et
368 594 433 645 stetit
449 594 472 644 in
491 594 596 643 rabidam
613 593 724 659 protinus
739 593 790 642 asia
808 608 905 646 canem.

280 665 398 735 Prodigio
415 668 457 717 tali
473 667 591 733 placidum
608 666 696 715 Thetis
710 664 805 717 abstulit
820 683 925 734 aequot,

237 753 272 803 90
319 738 407 791 AEolus
422 740 508 791 infusis
524 740 681 804 incubuitque
698 738 780 789 Notis.

282 812 405 882 Pervagus
420 814 476 863 hinc
490 824 545 863 toto
562 828 613 862 non
626 812 686 862 felix
701 810 798 862 differor
813 814 897 871 orbe3

319 886 369 946 Et,
389 902 542 952 quocumque
555 896 630 935 vocat
644 884 729 934 ludus
745 884 771 934 ὃ(
784 899 862 944 auca,
879 886 953 939 seror.

282 958 332 1009 Sed
349 959 370 1009 si
385 958 492 1009 Tiresias
505 970 554 1009 tam
566 959 617 1009 laeti
633 957 747 1023 providus
762 973 860 1024 augur,

320 1030 399 1094 Quim
417 1049 490 1083 verax
505 1044 575 1080 vates
589 1031 615 1079 in
630 1032 692 1080 mala
709 1029 786 1079 nostra
806 1030 876 1089 suit;

233 1117 272 1171 ·95
283 1104 314 1154 Et
329 1105 395 1154 terrd
410 1104 435 1155 &
445 1106 551 1170 pelago,
569 1102 682 1168 quicquid
698 1102 754 1151 mihi
765 1101 830 1153 triste
846 1106 965 1166 canebat,

316 1176 430 1227 Emensus
447 1176 499 1226 sato
514 1174 563 1245 jam
578 1175 680 1225 meliore
696 1191 783 1243 vagor.

280 1250 333 1303 Jam
349 1250 408 1300 mihi
425 1248 507 1299 nescio
523 1266 572 1316 quo
586 1246 701 1299 comitem
717 1249 740 1299 se
751 1249 776 1299 in
789 1244 863 1300 litore
877 1247 957 1318 jungit

316 1320 395 1374 Pallas
408 1356 416 1382 ,
432 1323 599 1388 &hospitibus
613 1340 657 1388 pet
667 1324 723 1372 loca
736 1334 789 1373 tuta
799 1322 884 1373 trahit.

279 1397 353 1448 Nunc
370 1394 472 1463 primum
487 1395 565 1447 Pallas
581 1396 657 1447 versae
673 1395 725 1462 post
741 1395 825 1446 funera
839 1394 924 1463 Tcoja
970 1437 974 1443 .

221 1483 271 1518 100
318 1468 376 1519 Visa
392 1469 449 1519 mihi
464 1485 472 1520 ε
488 1469 592 1519 medium
608 1469 723 1535 temporis
740 1468 775 1518 ita
790 1467 857 1520 tulit.

282 1541 405 1608 Quicquid
420 1541 519 1593 Oiiides
535 1542 702 1601 commiserat,
720 1541 831 1592 omnibu
845 1558 915 1597 unus.

316 1613 431 1664 Peccavit
448 1632 455 1665 :
474 1612 569 1665 Danais
585 1616 694 1666 omnibus
711 1614 747 1664 ira
762 1629 866 1665 nocens.
895 1663 897 1669 ,

279 1687 394 1743 Necte,
411 1686 528 1757 Tydide,
548 1686 618 1754 cujus
633 1686 708 1738 modo
723 1687 819 1737 sovetat
834 1704 919 1747 arma,
956 1737 960 1746 ,

258 1810 259 1814 ,
316 1760 407 1809 Eximit
426 1777 434 1811 a
452 1774 533 1812 errato
547 1774 576 1812 tu
590 1777 686 1828 quoque
700 1762 730 1809 ab
746 1761 806 1810 orbe
821 1761 901 1810 venis.

221 1844 268 1893 105
282 1832 340 1882 Non
350 1833 486 1884 Telamone
497 1835 570 1885 satum
583 1834 653 1899 capti
663 1834 694 1883 de
704 1831 810 1900 conjuge
820 1833 958 1885 Teuctumt

316 1906 373 1954 Non
388 1906 480 1968 ipsum,
501 1922 547 1971 pto
563 1921 613 1971 quo
627 1905 694 1954 mille
708 1905 777 1954 suere
793 1917 870 1958 tates.
992 1965 997 1969 ,

279 1976 347 2027 Felix
365 1976 528 2036 Plisthenide,
548 1983 698 2045 quacumque
714 1978 738 2026 in
754 1978 819 2027 sorte
836 1978 900 2030 suisli

316 2048 429 2119 Coniuge
447 2068 500 2102 cum
518 2052 573 2102 carl
589 2067 596 2103 e
612 2058 663 2103 non
680 2050 759 2119 gravis
776 2050 816 2101 illa
833 2052 891 2103 suit.

281 2123 330 2173 Seu
346 2125 414 2173 venti
430 2123 513 2175 secere
529 2141 627 2184 moras,
646 2123 698 2175 sive
714 2140 811 2191 aequora
824 2124 919 2185 vobis3

220 2207 271 2242 110
318 2194 356 2245 Ad
373 2197 438 2245 nulla
452 2197 485 2247 est
501 2197 580 2250 vfester
597 2198 681 2247 damna
696 2210 806 2249 retentus
821 2214 901 2249 amor.

282 2266 372 2318 Oscula
389 2286 435 2319 nec
450 2271 519 2321 venti
536 2269 603 2321 certe
619 2283 741 2329 tenuere,
762 2287 809 2321 nec
824 2272 918 2323 undaez

317 2340 460 2409 Promtaque
474 2343 499 2393 in
514 2336 636 2411 ampleicus
649 2343 745 2394 brachia
759 2344 851 2409 semper
863 2354 946 2397 erant.

281 2411 322 2463 Sic
332 2416 422 2465 utinam
432 2432 537 2467 errarem
552 2434 560 2468 z
576 2418 670 2468 faceres
679 2429 707 2467 tu
721 2418 822 2474 mollia,
841 2418 954 2489 conjux,

314 2485 424 2552 AEquora
439 2504 446 2537 :
462 2500 488 2537 te
503 2488 584 2547 socias,
602 2489 636 2537 nil
651 2488 709 2538 mihi
720 2488 787 2538 triste
804 2488 879 2540 soret.

220 2572 248 2607 11
257 2572 268 2620 5
281 2559 352 2609 Nunc
363 2576 459 2625 quoque
470 2592 478 2618 ‚
489 2560 639 2612 Telemacho
649 2573 732 2610 tecum
741 2559 801 2611 mihi
811 2561 898 2627 sospite
909 2563 989 2625 lesio,

317 2631 406 2682 Omnia
422 2634 478 2684 sunt
488 2636 567 2684 animo
582 2633 632 2701 jam
644 2634 738 2685 leviora
753 2634 826 2683 mala.

280 2704 361 2768 Quem
372 2719 453 2757 tamen
462 2708 557 2759 insessas
573 2706 652 2758 rursus
663 2724 751 2773 queror
761 2706 796 2756 ire
810 2721 855 2774 per
868 2707 946 2759 undas
957 2740 971 2769 ,

316 2778 462 2834 Herculeam
480 2782 602 2847 Sparten,
622 2779 810 2846 Nestoremque
827 2778 916 2846 Pylon.

279 2850 375 2916 ingrata
390 2852 423 2901 est
439 2854 534 2918 pietas,
552 2854 591 2903 cui
605 2864 672 2903 tanta
685 2852 793 2917 pericula
801 2851 925 2910 subsunt:

148 2968 150 2976 χ
219 2933 268 2969 120
316 2923 377 2971 Nam
392 2924 454 2975 maid
470 2925 601 2981 commissus
617 2925 725 2976 fluaibus
741 2924 789 2991 ipse
805 2923 860 2974 suit.

277 2992 326 3043 Sed
337 2997 405 3046 labor
416 2997 439 3045 in
449 2996 496 3048 fine
512 2999 544 3049 est
556 3016 563 3050 a
583 2998 708 3049 occursum
719 2998 743 3047 in
753 2995 825 3047 litore
834 3008 910 3048 vates

311 3066 381 3119 Dixit
396 3085 403 3120 ε
419 3069 447 3120 ln
464 3075 605 3141 amplexus,
624 3079 700 3133 care,
716 3070 799 3121 secerev
810 3079 880 3121 tuos.
