2392 3892
363 479 436 531 220
488 458 695 528 OVIDIJ
723 457 980 530 anours

318 597 350 644 25
363 579 398 629 Sit
415 575 499 625 modus
515 576 620 632 exsilio,
639 575 716 634 dixit,
733 576 859 642 justissime
876 581 981 633 Minos:

400 650 513 713 Accipiat
529 649 623 698 cineres
639 660 704 698 terra
720 662 819 713 paterna
836 667 914 702 meos.

363 724 395 775 Et
412 723 524 790 quoniam
541 721 566 771 in
582 721 678 787 patria,
698 721 753 773 fatis
769 722 871 791 agitatus
887 712 977 793 iniquis¹
986 762 997 791 ‚

398 797 492 846 Vivere
510 811 559 843 non
575 794 664 860 potui,
684 795 717 843 sit
732 796 788 845 mihi
804 796 868 862 posse
884 800 955 848 mori.

362 871 403 919 Da
418 868 520 919 reditum
536 884 632 934 puero,
649 867 711 916 senis
727 868 760 917 esi
775 868 795 918 si
811 870 886 936 gratia
899 872 973 921 vilis:

318 962 352 1013 30
399 943 424 992 Si
441 957 490 992 non
505 940 541 991 vis
559 957 636 1006 puero
652 957 771 1007 parcere,
792 959 866 1006 parce
882 942 941 993 seni.

362 1017 466 1068 Dixerat
479 1014 532 1065 haec
545 1028 554 1064 t
569 1013 609 1064 sed
625 1012 651 1062 δι
663 1014 734 1071 haec,
753 1015 779 1063 &
793 1017 870 1064 multo
883 1016 952 1081 plura
965 1017 1054 1068 licebat

398 1085 510 1143 Dicere3
527 1084 644 1151 regressus
661 1102 710 1133 non
726 1085 798 1134 dabat
814 1087 855 1135 ille
872 1088 936 1138 viro,
1017 1082 1020 1087 ’

361 1160 436 1225 Quod
446 1158 551 1207 simulac
561 1157 647 1214 sensit,
657 1158 743 1214 Nunc,
755 1157 861 1216 (inune,
872 1160 992 1221 Daedaie,
1005 1162 1064 1223 dixin

397 1230 546 1292 Materiam,
565 1229 612 1296 qui
627 1231 665 1290 sis.
676 1229 831 1297 ingeniosus,
850 1232 936 1283 hahes.

318 1326 349 1379 35
360 1304 473 1360 Possidet
490 1319 521 1352 en
537 1314 634 1361 terras,
654 1303 680 1353 δι
695 1303 805 1368 possidet
818 1311 914 1371 aequor'a
930 1307 1039 1362 Minosr

397 1379 452 1428 Nec
468 1377 540 1425 tellus
556 1374 659 1435 nostrae,
675 1393 722 1425 nec
738 1388 806 1440 patet
822 1378 904 1437 unda,
923 1380 1001 1449 sugae.

361 1451 444 1506 Restat
459 1451 506 1500 iter
521 1450 585 1499 coelo
601 1465 608 1501 ε
625 1449 688 1499 coelo
704 1450 848 1500 tentabimus
865 1451 911 1501 ire.

398 1526 439 1575 Da
454 1522 547 1572 ueniam
564 1534 666 1588 coepto,
684 1520 796 1589 Juppiter
811 1525 880 1579 alte,
895 1515 968 1575 meo.¹

361 1601 420 1651 Non
437 1612 483 1664 ego
499 1595 605 1645 sidereas
621 1594 708 1644 affesio
723 1606 822 1663 tangere
838 1596 926 1646 sedes:

317 1689 351 1738 40
399 1670 455 1733 Qui
470 1667 559 1735 fugiam
576 1668 698 1717 dominum
714 1670 797 1725 nulla,
816 1666 861 1717 nisi
878 1668 938 1727 issa,
957 1670 996 1719 via
1011 1667 1055 1722 est.

360 1745 407 1797 Per
423 1743 498 1809 Styga
514 1740 585 1790 detur
600 1740 665 1799 iter,
682 1741 778 1808 Stygias
793 1742 939 1793 tranabimus
955 1744 1053 1793 undas:

398 1815 451 1865 Sint
465 1814 522 1863 mihi
537 1827 628 1862 naturae
643 1809 696 1878 jura
714 1813 823 1863 novanda
839 1830 909 1863 meae.

360 1887 485 1955 Ingenium
495 1887 556 1934 mala
569 1886 631 1950 saepe
642 1898 742 1933 movent
754 1902 761 1934 :
774 1886 825 1951 quis
837 1886 950 1937 crederet
961 1902 1064 1954 umquam

397 1958 482 2009 Aerias
498 1958 621 2007 hominem
637 1973 737 2022 carpere
750 1957 816 2023 posse
832 1956 908 2008 vias?
924 1976 930 1986 ·

315 2054 349 2108 45
358 2031 494 2099 Remigium
509 2032 622 2081 volucres
639 2030 742 2095 disponit
756 2032 781 2078 in
796 2031 880 2081 ordine
897 2048 1008 2097 pennas,

396 2106 435 2156 Et
445 2106 500 2154 leve
515 2120 559 2170 per
575 2104 617 2153 lini
633 2104 730 2152 vincula
743 2103 817 2153 nesiit
833 2120 915 2170 opus:

360 2182 458 2245 Imaque
475 2194 529 2243 pars
547 2178 609 2227 ceris
623 2176 757 2244 astringitur
773 2178 829 2244 igne
845 2177 948 2228 solutis:

324 2315 327 2319 Ι
396 2252 536 2317 Finitusque
553 2266 624 2300 novae
641 2249 689 2316 jam
705 2249 775 2298 labor
790 2250 848 2299 artis
864 2262 926 2300 erat.
966 2310 970 2317 ἡ
1004 2279 1006 2284 ,

359 2325 490 2376 Tradabar
506 2338 633 2388 ceramque
650 2339 711 2388 puer
727 2338 866 2390 pennasque
881 2321 1018 2382 renidensj

318 2417 350 2474 Σο
397 2396 497 2449 Nescius
513 2397 565 2446 haec
579 2394 684 2444 humeris
701 2410 763 2442 arma
780 2399 861 2459 parata
877 2391 934 2442 suis.

361 2472 503 2533 culparer,
515 2468 576 2524 His,
588 2466 664 2531 inquit
676 2498 683 2522 ‚
694 2466 769 2530 patria
781 2465 814 2514 est
824 2465 934 2515 adeunda
945 2466 1031 2519 carinis
1043 2482 1054 2521 t

395 2542 450 2592 Hac
466 2539 534 2589 nobis
551 2539 634 2587 Minos
651 2536 802 2603 effugiendus
821 2547 878 2604 opes

345 2609 425 2668 'dira
441 2629 490 2662 non
505 2611 584 2678 potuit
602 2610 705 2668 Min'os;
725 2610 769 2659 alia
789 2611 867 2660 omnia
883 2610 981 2663 clausit.

398 2689 478 2754 Quem
494 2686 571 2742 licet,
590 2684 694 2733 inventis
711 2685 765 2734 a‘e'ra
782 2701 866 2751 rumpe
883 2686 953 2735 meis.

317 2781 329 2832 5
338 2781 350 2830 5
363 2764 412 2817 Sed
428 2761 472 2811 tibi
486 2776 532 2809 nec
547 2758 617 2825 virgo
633 2757 759 2825 Tegeaea,
777 2774 907 2825 comesque
922 2758 1008 2808 Bootae

319 2835 325 2864 '-
397 2835 498 2901 Ensiger
516 2831 595 2882 Orion
613 2830 761 2897 aspiciendus
779 2832 834 2881 erit.

360 2910 406 2960 Me
422 2906 506 2974 pennis
523 2904 612 2955 sedare
630 2906 711 2975 datis,
730 2913 779 2969 ego
795 2902 894 2969 praevius
910 2899 970 2949 ibo:

398 2982 435 3029 Sit
451 2992 493 3029 tua
508 2995 565 3028 cura
580 2978 646 3042 sequi
662 2994 669 3027 :
688 2993 726 3025 me
742 2978 823 3031 duee,
843 2972 986 3027 tutuseris.

361 3054 423 3103 Nam
438 3043 489 3101 sive
506 3050 617 3101 aetherias
633 3050 713 3098 vicino
731 3047 779 3095 sole
796 3061 840 3109 per
854 3060 925 3098 auras
1007 3041 1009 3046 ¹
1050 3045 1052 3049 ’

317 3124 352 3177 60
397 3122 503 3183 uinum
526 3122 650 3192 impatiens
666 3134 721 3172 ceta
737 3117 823 3171 caloris
839 3117 896 3173 erit.
921 3129 927 3150 '-
