2392 3892
262 467 553 537 Honorum
575 466 657 537 ΕΡ.
682 465 807 548 XVII,
860 466 912 562 85

189 584 262 636 Tunc
279 602 327 653 ego
344 596 370 635 te
383 585 472 635 veliem
489 583 564 635 celeri
577 584 667 635 veniffe
685 587 787 647 carini,

227 658 291 708 Ciam
309 675 361 707 mea
371 659 494 726 virginitas
508 660 575 708 mille
587 660 664 723 petita
681 662 773 724 procis.

192 731 217 781 si
232 743 259 780 te
274 731 398 789 vidissem,
417 732 506 796 primus
519 732 549 781 de
566 732 632 781 mille
648 731 749 782 fuisses:
914 747 945 784 10
950 748 966 797 ς

162 832 170 837 -
226 804 324 855 Judicio
341 805 437 853 veniam
452 805 490 853 vir
507 805 571 854 dabit
587 805 637 871 ipse
654 822 722 855 meo.

190 874 233 928 Ad
243 875 341 942 poffeffa
352 876 422 925 venis
433 890 601 947 praeceptaque
612 879 696 945 gaudia
707 879 773 929 serus
784 895 794 928 t

163 1005 166 1010 .
228 949 291 1013 Spes
309 959 351 996 tua
365 950 432 996 leura
446 948 491 997 fuit
500 966 509 1007 ς
528 951 592 1015 quod
609 950 689 1015 petis,
709 952 772 1001 aiter
787 952 869 1001 habeta

193 1020 231 1072 Ut
248 1032 333 1070 tamen
350 1032 457 1086 optarem
472 1018 528 1071 fieri
541 1022 586 1071 tibi
596 1021 674 1073 Troia
690 1025 803 1090 conjux,

230 1093 336 1141 Invitam
350 1094 385 1143 sic
400 1110 439 1144 me
454 1110 499 1144 nec
516 1095 645 1147 Menelaus
662 1098 745 1149 haber.
915 1110 969 1147 uo

182 1164 290 1227 ,Desine
304 1167 376 1216 molle
384 1200 393 1225 ,
411 1184 518 1233 precor,
536 1170 616 1219 verbis
633 1172 774 1222 convellere
788 1171 897 1239 pestus:

227 1239 301 1287 Neve
315 1240 392 1298 mihi,
411 1258 481 1306 quam
496 1253 522 1289 te
541 1242 600 1290 dicis
615 1258 714 1302 amre,
734 1263 806 1295 noce.

191 1311 242 1363 Sed
256 1311 327 1370 sine,
345 1328 416 1376 quam
429 1312 515 1359 tribuit
527 1312 618 1360 sortem
632 1313 757 1373 Fortuna,
773 1318 856 1367 tueri:

225 1386 284 1435 Nec
300 1384 402 1448 spolium
420 1381 492 1431 nostri
508 1394 579 1447 turpe
596 1382 698 1447 pudoris
712 1386 783 1437 habe.

190 1456 224 1509 At
235 1459 326 1509 Venus
338 1456 385 1505 hoc
395 1455 460 1521 padda
472 1454 523 1513 est,
544 1455 569 1505 ὃ(
580 1455 605 1503 in
614 1457 670 1505 altae
679 1458 781 1509 vallibus
793 1460 840 1508 ldae
916 1474 964 1524 115

226 1530 293 1579 Tres
310 1528 354 1578 tibi
371 1529 395 1578 se
410 1528 486 1579 nudas
501 1528 635 1577 exhibuere
651 1528 735 1580 Deae:

192 1603 299 1667 Unaque
313 1600 367 1651 crim
382 1619 502 1669 regnum,
520 1602 578 1651 belii
593 1600 663 1651 daret
680 1604 757 1653 altera
773 1603 868 1655 laudem
877 1621 891 1664 ·,

227 1676 385 1743 Tyndaridos
401 1674 491 1740 conjux
502 1708 514 1733 ,
526 1675 598 1724 tertia
615 1675 693 1735 dixit,
712 1680 768 1729 eris.

191 1748 304 1799 Credere
319 1749 360 1798 vix
374 1749 487 1814 equidem
501 1748 607 1797 coeleiiia
625 1765 728 1816 corpora
744 1750 835 1816 poii'um

230 1820 339 1870 Arbitrio
355 1822 457 1872 formam
472 1820 615 1888 supposuiiie
632 1835 687 1874 tuo.
918 1837 973 1875 120·

192 1894 277 1960 thue
294 1894 388 1944 sithoc
403 1912 506 1954 verum,
527 1894 595 1945 certd
612 1912 672 1961 pars·
681 1898 756 1948 altera
774 1896 826 1949 fidia
842 1895 875 1946 est
886 1930 900 1956 r

231 1965 319 2018 Judicii
334 1967 437 2033 pretium
452 1968 498 2035 qud
512 1969 566 2018 data
582 1968 651 2020 dicor
664 1987 722 2039 ego.

192 2036 255 2091 Nou
268 2038 301 2088 est
315 2051 382 2090 tanta
395 2041 456 2090 mihi
470 2040 557 2090 fiducia
574 2044 684 2107 corporis
698 2076 705 2100 ,
723 2055 750 2091 ut
766 2059 806 2093 me

230 2112 357 2172 Maxima,
374 2114 435 2163 teste
448 2113 505 2163 Dea
515 2146 528 2171 r
540 2114 603 2162 dona
620 2115 686 2163 fuisse
701 2126 795 2178 putem.

195 2184 318 2238 Contenta
335 2184 369 2233 est
386 2186 463 2234 oculis
480 2186 604 2233 bominum
620 2198 674 2233 mea
686 2186 762 2233 forma
779 2183 876 2251 probari
888 2200 900 2235 ι·
919 2198 970 2248 125v

230 2258 362 2308 Laudatrix
374 2258 462 2308 Venus
478 2256 511 2305 est
526 2256 642 2306 invidiosa
657 2257 724 2306 mihi.

196 2331 243 2381 Sed
258 2332 319 2383 nihil
335 2328 453 2391 infirmo;
470 2328 546 2381 faveo
561 2346 658 2397 quoque
673 2330 782 2380 iaudibus
797 2329 862 2382 istis:

231 2405 293 2454 Nam
308 2421 361 2457 mea
375 2421 425 2455 vox
442 2420 535 2472 quare,
553 2404 618 2472 quod
635 2404 721 2471 cupit,
739 2404 787 2455 effe
802 2402 902 2473 neget}

195 2478 255 2527 Nec·
265 2489 292 2527 tu
310 2478 440 2537 succense,
462 2479 558 2532 nimium
573 2478 630 2528 mihi
646 2479 753 2530 creditus
766 2477 853 2547 aegre:

230 2550 314 2600 Tarda
328 2553 390 2602 solet
405 2552 497 2619 magnis
512 2552 583 2602 rebus
603 2552 675 2603 ineffe
692 2552 762 2603 fider.
789 2571 792 2578 ⁴
919 2564 971 2616 130

195 2621 273 2673 Prima
290 2640 343 2676 mer
359 2623 392 2673 est
407 2625 479 2691 igitur
492 2624 586 2676 Veneri
600 2625 712 2690 placuiffe
726 2627 841 2690 voluptas
852 2636 866 2671 ι.-

230 2695 362 2755 Proxima,
379 2713 418 2746 me
432 2698 503 2748 visam
518 2699 613 2764 praemia
630 2697 718 2748 summa
732 2697 797 2754 tibi3

196 2768 249 2819 Nec
264 2781 293 2819 to
306 2769 444 2830 Palladios,
463 2787 510 2821 nec
524 2782 550 2820 re
565 2770 668 2821 lunonis
684 2771 799 2818 honored

231 2842 330 2893 Auditis
347 2842 450 2892 Helenae
462 2841 614 2909 praeposuiffe
627 2839 708 2889 bonis.

198 2914 263 2981 Ergo
273 2931 322 2983 ego
331 2915 380 2966 sum
390 2916 486 2967 virtus?
497 2930 552 2981 ,ego
562 2913 613 2962 sum
622 2912 759 2962 tibi-nobile
767 2927 868 2981 reguum
880 2913 898 2967 ξ’
921 2930 970 2983 135

234 2988 322 3038 Ferrea
337 2990 381 3040 sim
394 3022 407 3045 ‚.
420 2989 441 3037 si
456 3005 506 3039 non
522 2988 570 3035 hoc
588 3001 635 3052 ego
649 2985 835 3051 pestoramem.

200 3060 287 3115 ferrea
299 3095 305 3120 ‚
324 3062 398 3111 crede
408 3061 482 3119 mihi,
499 3076 549 3110 non
560 3057 610 3107 sum
622 3073 628 3106 τ
646 3057 687 3107 sed
700 3074 779 3109 amare
790 3076 908 3130 repugno
977 3059 979 3063 ’

234 3132 323 3196 mum,
338 3149 411 3204 quem
425 3131 479 3186 fieri
494 3133 536 3189 vir
550 3143 612 3201 puto
625 3130 690 3201 poffe
706 3148 802 3189 metm.
870 3166 873 3174 ι
