2392 3892
277 438 279 443 ·
342 441 414 491 122
467 417 671 486 Ογιυιι
699 418 953 491 Amorum

369 548 1015 623 o===e====isse===n

500 690 755 758 ELEGIA
795 690 888 758 111.

338 789 457 917 Jeme
468 869 556 922 precor
568 868 576 904 t
587 868 641 921 quae
652 866 691 903 me
701 866 778 917 nuper
787 852 894 920 predata
904 856 986 920 puella
996 853 1045 917 ed,

375 930 428 981 Aut
442 940 527 987 amet,
545 939 588 978 aut
601 925 694 983 saciat,
712 942 756 976 cur
771 942 820 994 ego
835 926 929 993 semper
944 946 1031 985 amem,

338 1000 379 1053 Ah
394 1002 493 1052 nimium
507 1002 574 1052 volui
590 998 597 1049 l
614 997 708 1051 tannim
721 1000 827 1066 patiatur
841 1002 926 1053 amari.

376 1075 488 1125 Audierit
502 1076 545 1125 hes
560 1072 651 1123 nostras
665 1084 705 1123 tot
719 1072 845 1142 Cytherda
861 1091 961 1140 preces.

315 1147 449 1215 5Accipe,
472 1147 622 1214 permultos
638 1146 684 1196 tibi
699 1146 740 1213 qui
755 1146 874 1197 deserviat
890 1165 968 1201 annos
981 1166 991 1202 t

374 1220 488 1286 Accipe,
506 1221 547 1287 qui
560 1212 623 1286 purd'
636 1220 702 1270 notit
715 1235 794 1270 amare
809 1217 869 1271 fide.

339 1293 364 1343 Si
374 1310 413 1343 me
424 1310 475 1345 uon
484 1306 597 1345 veterum
614 1293 784 1345 commendant
791 1309 877 1361 magna
887 1308 1016 1360 parentum

376 1367 501 1427 Nomina,
519 1369 540 1417 si
554 1366 628 1417 nostri
641 1367 760 1435 sanguinis
776 1366 860 1417 audior
876 1383 951 1434 eques
964 1387 973 1428 ;

340 1440 395 1491 Nec
411 1457 479 1491 meus
497 1440 628 1491 innumeris
642 1451 776 1491 renovatur
792 1456 889 1505 campus
904 1444 1009 1505 aratris,

299 1530 332 1567 to
377 1513 511 1580 Temperat
527 1515 554 1566 ἃ
570 1515 659 1564 sumtus
676 1529 764 1580 parcus
780 1525 884 1579 uterque
898 1531 988 1580 parens
997 1535 1007 1576 3

340 1587 376 1638 At
385 1586 492 1638 Phoebus
503 1620 511 1647 ,
526 1587 676 1654 comitesque
687 1602 794 1644 novem,
808 1586 915 1652 vitisque
926 1603 1053 1654 repertor,

377 1659 435 1710 lloc
451 1660 559 1720 saciant3
578 1662 624 1720 δι,
641 1676 680 1711 me
696 1658 737 1726 qui
750 1659 794 1709 tibi
808 1659 903 1718 donat,
922 1660 1017 1722 Amor5

297 1780 299 1786 .
340 1732 374 1785 Et
387 1732 448 1785 nulli
463 1731 554 1784 cessura
567 1732 647 1791 fides,
660 1732 713 1785 sine
730 1732 829 1783 crimine
844 1748 946 1794 mores,

378 1807 498 1873 Nudaque
514 1806 672 1873 simplicitas,
689 1821 872 1872 purpureusque
886 1808 978 1871 pudor.

299 1896 330 1946 15
342 1880 400 1931 Non
410 1880 469 1929 mihi
479 1880 546 1930 mille
556 1882 653 1949 placent
664 1894 672 1929 t
683 1894 733 1928 non
742 1878 791 1927 sum
803 1876 913 1929 desultor
923 1875 1030 1937 Amorisa

378 1951 419 2003 Tu
432 1952 490 2010 mihi
502 1960 515 2012 ,'
532 1954 553 2004 si
568 1968 615 2019 qua
628 1950 707 2009 fides,
725 1967 781 2001 cura
797 1951 914 2017 perennis
930 1956 988 2006 eris.

342 2026 437 2078 Tecum
450 2060 459 2087 ,
475 2043 536 2094 quos
547 2024 658 2076 dederint
668 2039 744 2074 annos
754 2024 812 2074 mihi
821 2023 863 2075 fila
873 2026 990 2079 Sororum
1000 2061 1011 2089 ,

380 2100 474 2154 Vivere
493 2098 636 2167 contingat3
654 2109 730 2164 teque
747 2098 848 2149 dolente
865 2101 938 2152 mori.

344 2172 384 2225 Te
399 2174 456 2224 mihi
471 2172 595 2224 materiem
609 2171 708 2222 felicem
721 2170 746 2221 in
761 2172 866 2223 carmina
880 2175 984 2240 prabe3

301 2261 337 2299 20
382 2246 529 2299 Provenient
546 2245 618 2298 causi
636 2247 740 2297 carmina
757 2245 829 2314 digna
844 2246 895 2298 sua.

346 2320 460 2371 Carmine
475 2337 565 2371 nomen
581 2321 690 2377 habent,
708 2322 825 2369 exterrita
840 2321 955 2370 cornibus
971 2320 1020 2381 lo,'

382 2392 415 2442 Et
431 2410 502 2458 quam
518 2390 631 2442 fluminei
644 2391 702 2441 lusit
717 2391 813 2442 adulter
825 2407 891 2442 ave:

345 2462 476 2529 Quaque,
494 2465 564 2530 super
578 2475 680 2530 pontum
697 2463 810 2516 simulato
825 2464 894 2517 vedla
911 2465 1036 2535 juvenco,

381 2535 498 2604 Virginei
512 2537 592 2587 tenuit
606 2554 698 2589 cornua
712 2556 771 2590 vare
784 2555 865 2589 mersu.

306 2625 323 2666 2
327 2626 339 2677 5
350 2611 404 2663 Nos
415 2626 511 2676 quoque
521 2626 566 2678 per
575 2623 656 2662 totum
665 2613 755 2679 pariter
765 2612 912 2664 cantabimur
920 2613 1023 2673 orbem,

386 2683 518 2755 luridaque
533 2684 628 2756 semper
643 2687 827 2766 eruntnnomina
843 2686 922 2742 nostra
936 2687 995 2741 tuis·
