<?xml version="1.0" encoding="UTF-8"?>
<!DOCTYPE html PUBLIC "-//W3C//DTD XHTML 1.0 Transitional//EN"
    "http://www.w3.org/TR/xhtml1/DTD/xhtml1-transitional.dtd">
<html xmlns="http://www.w3.org/1999/xhtml" xml:lang="en" lang="en">
 <head>
  <title>
</title>
<meta http-equiv="Content-Type" content="text/html;charset=utf-8" />
  <meta name='ocr-system' content='tesseract 3.04.00' />
  <meta name='ocr-capabilities' content='ocr_page ocr_carea ocr_par ocr_line ocrx_word'/>
</head>
<body>
  <div class='ocr_page' id='page_1' title='image "./povidiinasoniso00heingoog_0079.png"; bbox 0 0 2392 3892; ppageno 0'>
   <div class='ocr_carea' id='block_1_1' title="bbox 167 443 778 517">
    <p class='ocr_par' dir='ltr' id='par_1_1' title="bbox 167 443 778 517">
     <span class='ocr_line' id='line_1_1' title="bbox 167 443 778 517; baseline -0.002 -1"><span class='ocrx_word' id='word_1_1' title='bbox 167 444 216 517; x_wconf 90' lang='lat'>60</span> <span class='ocrx_word' id='word_1_2' title='bbox 276 444 319 510; x_wconf 89' lang='lat' dir='ltr'>P.</span> <span class='ocrx_word' id='word_1_3' title='bbox 346 443 778 515; x_wconf 75' lang='lat' dir='ltr'>Or11&gt;11NAsours</span> 
     </span>
    </p>
   </div>
   <div class='ocr_carea' id='block_1_2' title="bbox 170 563 928 2024">
    <p class='ocr_par' dir='ltr' id='par_1_2' title="bbox 170 563 928 2024">
     <span class='ocr_line' id='line_1_2' title="bbox 227 563 839 630; baseline 0.007 -16"><span class='ocrx_word' id='word_1_4' title='bbox 227 563 328 627; x_wconf 83' lang='lat' dir='ltr'>Semper</span> <span class='ocrx_word' id='word_1_5' title='bbox 346 564 371 612; x_wconf 88' lang='lat' dir='ltr'>in</span> <span class='ocrx_word' id='word_1_6' title='bbox 381 564 417 613; x_wconf 78' lang='lat' dir='ltr'>his</span> <span class='ocrx_word' id='word_1_7' title='bbox 427 564 485 630; x_wconf 71' lang='lat' dir='ltr'>apti</span> <span class='ocrx_word' id='word_1_8' title='bbox 494 565 613 615; x_wconf 81' lang='lat' dir='ltr'>narrantia</span> <span class='ocrx_word' id='word_1_9' title='bbox 624 565 698 613; x_wconf 81' lang='lat' dir='ltr'>verba</span> <span class='ocrx_word' id='word_1_10' title='bbox 707 565 818 616; x_wconf 84' lang='lat' dir='ltr'>resistunt</span> <span class='ocrx_word' id='word_1_11' title='bbox 828 583 839 619; x_wconf 69' lang='grc' dir='ltr'>ι</span> 
     </span>
     <span class='ocr_line' id='line_1_3' title="bbox 265 635 792 705; baseline 0.008 -20"><span class='ocrx_word' id='word_1_12' title='bbox 265 635 385 687; x_wconf 86' lang='lat' dir='ltr'>Promtior</span> <span class='ocrx_word' id='word_1_13' title='bbox 396 637 430 687; x_wconf 79' lang='lat' dir='ltr'>est</span> <span class='ocrx_word' id='word_1_14' title='bbox 439 639 504 688; x_wconf 83' lang='lat' dir='ltr'>dulci</span> <span class='ocrx_word' id='word_1_15' title='bbox 514 640 594 705; x_wconf 69' lang='lat' dir='ltr'>lingula</span> <span class='ocrx_word' id='word_1_16' title='bbox 608 650 703 686; x_wconf 87' lang='lat' dir='ltr'>retenta</span> <span class='ocrx_word' id='word_1_17' title='bbox 712 640 792 689; x_wconf 79' lang='lat' dir='ltr'>mori.</span> 
     </span>
     <span class='ocr_line' id='line_1_4' title="bbox 228 708 925 781; baseline 0.006 -22"><span class='ocrx_word' id='word_1_18' title='bbox 228 709 278 760; x_wconf 73' lang='lat' dir='ltr'>sed</span> <span class='ocrx_word' id='word_1_19' title='bbox 286 708 341 759; x_wconf 75' lang='lat' dir='ltr'>clun</span> <span class='ocrx_word' id='word_1_20' title='bbox 350 709 429 775; x_wconf 81' lang='lat' dir='ltr'>Tcoja</span> <span class='ocrx_word' id='word_1_21' title='bbox 439 711 516 770; x_wconf 84' lang='lat' dir='ltr'>subit,</span> <span class='ocrx_word' id='word_1_22' title='bbox 526 709 630 761; x_wconf 80' lang='lat' dir='ltr'>subeunt</span> <span class='ocrx_word' id='word_1_23' title='bbox 639 711 755 777; x_wconf 84' lang='lat' dir='ltr'>ventique</span> <span class='ocrx_word' id='word_1_24' title='bbox 763 712 925 781; x_wconf 65' lang='lat' dir='ltr'>fretumque</span> 
     </span>
     <span class='ocr_line' id='line_1_5' title="bbox 265 782 765 849; baseline 0.002 -16"><span class='ocrx_word' id='word_1_25' title='bbox 265 782 326 849; x_wconf 81' lang='lat' dir='ltr'>Spes</span> <span class='ocrx_word' id='word_1_26' title='bbox 337 784 401 834; x_wconf 90' lang='lat' dir='ltr'>bona</span> <span class='ocrx_word' id='word_1_27' title='bbox 414 783 510 834; x_wconf 81' lang='lat' dir='ltr'>solicito</span> <span class='ocrx_word' id='word_1_28' title='bbox 517 784 580 834; x_wconf 70' lang='lat' dir='ltr'>viu:</span> <span class='ocrx_word' id='word_1_29' title='bbox 590 784 678 834; x_wconf 85' lang='lat' dir='ltr'>timore</span> <span class='ocrx_word' id='word_1_30' title='bbox 690 784 765 835; x_wconf 88' lang='lat' dir='ltr'>cadit.</span> 
     </span>
     <span class='ocr_line' id='line_1_6' title="bbox 170 855 904 925; baseline 0.003 -17"><span class='ocrx_word' id='word_1_31' title='bbox 170 870 201 908; x_wconf 88' lang='lat'>12</span> <span class='ocrx_word' id='word_1_32' title='bbox 205 872 218 920; x_wconf 89' lang='lat'>5</span> <span class='ocrx_word' id='word_1_33' title='bbox 229 855 286 907; x_wconf 88' lang='lat' dir='ltr'>Hoc</span> <span class='ocrx_word' id='word_1_34' title='bbox 297 873 410 924; x_wconf 87' lang='lat' dir='ltr'>quoque,</span> <span class='ocrx_word' id='word_1_35' title='bbox 421 858 487 925; x_wconf 86' lang='lat' dir='ltr'>qnod</span> <span class='ocrx_word' id='word_1_36' title='bbox 496 858 564 910; x_wconf 67' lang='lat' dir='ltr'>veri</span> <span class='ocrx_word' id='word_1_37' title='bbox 573 857 702 924; x_wconf 84' lang='lat' dir='ltr'>prohibent</span> <span class='ocrx_word' id='word_1_38' title='bbox 712 858 779 908; x_wconf 83' lang='lat' dir='ltr'>exire</span> <span class='ocrx_word' id='word_1_39' title='bbox 791 858 904 920; x_wconf 81' lang='lat' dir='ltr'>carinas,</span> 
     </span>
     <span class='ocr_line' id='line_1_7' title="bbox 266 930 755 996; baseline 0.006 -17"><span class='ocrx_word' id='word_1_40' title='bbox 266 930 311 980; x_wconf 86' lang='lat' dir='ltr'>Me</span> <span class='ocrx_word' id='word_1_41' title='bbox 322 944 424 982; x_wconf 86' lang='lat' dir='ltr'>movet:</span> <span class='ocrx_word' id='word_1_42' title='bbox 435 932 516 982; x_wconf 81' lang='lat' dir='ltr'>invitis</span> <span class='ocrx_word' id='word_1_43' title='bbox 527 932 564 981; x_wconf 86' lang='lat' dir='ltr'>ire</span> <span class='ocrx_word' id='word_1_44' title='bbox 578 931 668 996; x_wconf 82' lang='lat' dir='ltr'>paratis</span> <span class='ocrx_word' id='word_1_45' title='bbox 676 931 755 996; x_wconf 80' lang='lat' dir='ltr'>aquis.</span> 
     </span>
     <span class='ocr_line' id='line_1_8' title="bbox 230 1004 906 1071; baseline 0.007 -18"><span class='ocrx_word' id='word_1_46' title='bbox 230 1004 293 1069; x_wconf 80' lang='lat' dir='ltr'>Quis</span> <span class='ocrx_word' id='word_1_47' title='bbox 302 1006 364 1055; x_wconf 84' lang='lat' dir='ltr'>velit</span> <span class='ocrx_word' id='word_1_48' title='bbox 371 1005 396 1054; x_wconf 87' lang='lat' dir='ltr'>in</span> <span class='ocrx_word' id='word_1_49' title='bbox 405 1005 520 1071; x_wconf 86' lang='lat' dir='ltr'>patriam,</span> <span class='ocrx_word' id='word_1_50' title='bbox 530 1017 607 1054; x_wconf 87' lang='lat' dir='ltr'>vento</span> <span class='ocrx_word' id='word_1_51' title='bbox 615 1004 760 1069; x_wconf 80' lang='lat' dir='ltr'>prohibente</span> <span class='ocrx_word' id='word_1_52' title='bbox 769 1037 778 1063; x_wconf 83' lang='lat'>,</span> <span class='ocrx_word' id='word_1_53' title='bbox 787 1006 881 1057; x_wconf 81' lang='lat' dir='ltr'>reverti</span> <span class='ocrx_word' id='word_1_54' title='bbox 891 1004 906 1057; x_wconf 71' lang='lat' dir='ltr'>i</span> 
     </span>
     <span class='ocr_line' id='line_1_9' title="bbox 266 1076 740 1144; baseline -0.004 -17"><span class='ocrx_word' id='word_1_55' title='bbox 266 1079 291 1127; x_wconf 78' lang='lat' dir='ltr'>A</span> <span class='ocrx_word' id='word_1_56' title='bbox 304 1078 380 1143; x_wconf 76' lang='lat' dir='ltr'>patrii</span> <span class='ocrx_word' id='word_1_57' title='bbox 387 1080 475 1144; x_wconf 82' lang='lat' dir='ltr'>pelago</span> <span class='ocrx_word' id='word_1_58' title='bbox 488 1078 544 1126; x_wconf 84' lang='lat' dir='ltr'>vela</span> <span class='ocrx_word' id='word_1_59' title='bbox 557 1088 657 1126; x_wconf 82' lang='lat' dir='ltr'>vetante</span> <span class='ocrx_word' id='word_1_60' title='bbox 668 1076 740 1125; x_wconf 82' lang='lat' dir='ltr'>datis.</span> 
     </span>
     <span class='ocr_line' id='line_1_10' title="bbox 230 1149 858 1218; baseline -0.006 -17"><span class='ocrx_word' id='word_1_61' title='bbox 230 1151 284 1218; x_wconf 83' lang='lat' dir='ltr'>lpse</span> <span class='ocrx_word' id='word_1_62' title='bbox 295 1151 359 1200; x_wconf 85' lang='lat' dir='ltr'>suam</span> <span class='ocrx_word' id='word_1_63' title='bbox 368 1166 417 1198; x_wconf 92' lang='lat' dir='ltr'>non</span> <span class='ocrx_word' id='word_1_64' title='bbox 426 1152 518 1215; x_wconf 81' lang='lat' dir='ltr'>ptaebct</span> <span class='ocrx_word' id='word_1_65' title='bbox 525 1150 573 1198; x_wconf 86' lang='lat' dir='ltr'>iter</span> <span class='ocrx_word' id='word_1_66' title='bbox 583 1150 713 1214; x_wconf 76' lang='lat' dir='ltr'><strong>Neptunus</strong></span> <span class='ocrx_word' id='word_1_67' title='bbox 722 1149 754 1198; x_wconf 85' lang='lat' dir='ltr'>acl</span> <span class='ocrx_word' id='word_1_68' title='bbox 761 1152 858 1205; x_wconf 76' lang='lat' dir='ltr'>urbem.</span> 
     </span>
     <span class='ocr_line' id='line_1_11' title="bbox 172 1220 836 1291; baseline 0.003 -16"><span class='ocrx_word' id='word_1_69' title='bbox 172 1238 222 1291; x_wconf 81' lang='lat'>130</span> <span class='ocrx_word' id='word_1_70' title='bbox 268 1220 326 1286; x_wconf 75' lang='lat' dir='ltr'>Quo</span> <span class='ocrx_word' id='word_1_71' title='bbox 335 1223 403 1274; x_wconf 81' lang='lat' dir='ltr'>ruitis</span> <span class='ocrx_word' id='word_1_72' title='bbox 414 1221 425 1271; x_wconf 73' lang='lat' dir='ltr'>i</span> <span class='ocrx_word' id='word_1_73' title='bbox 438 1221 526 1273; x_wconf 74' lang='lat' dir='ltr'>vestras</span> <span class='ocrx_word' id='word_1_74' title='bbox 537 1223 638 1289; x_wconf 84' lang='lat' dir='ltr'>quisque</span> <span class='ocrx_word' id='word_1_75' title='bbox 648 1223 727 1272; x_wconf 83' lang='lat' dir='ltr'>cedite</span> <span class='ocrx_word' id='word_1_76' title='bbox 738 1222 836 1277; x_wconf 76' lang='lat' dir='ltr'>domos.</span> 
     </span>
     <span class='ocr_line' id='line_1_12' title="bbox 231 1294 809 1361; baseline 0.003 -15"><span class='ocrx_word' id='word_1_77' title='bbox 231 1294 379 1361; x_wconf 78' lang='lat' dir='ltr'>Quoruitis,</span> <span class='ocrx_word' id='word_1_78' title='bbox 387 1296 469 1347; x_wconf 78' lang='lat' dir='ltr'>Danai</span> <span class='ocrx_word' id='word_1_79' title='bbox 479 1294 490 1346; x_wconf 73' lang='lat' dir='ltr'>i</span> <span class='ocrx_word' id='word_1_80' title='bbox 500 1310 588 1347; x_wconf 77' lang='lat' dir='ltr'>ventos</span> <span class='ocrx_word' id='word_1_81' title='bbox 596 1296 678 1347; x_wconf 81' lang='lat' dir='ltr'>cudite</span> <span class='ocrx_word' id='word_1_82' title='bbox 687 1308 809 1348; x_wconf 77' lang='lat' dir='ltr'>vetantes.</span> 
     </span>
     <span class='ocr_line' id='line_1_13' title="bbox 267 1369 815 1430; baseline 0 -9"><span class='ocrx_word' id='word_1_83' title='bbox 267 1370 326 1421; x_wconf 85' lang='lat' dir='ltr'>Non</span> <span class='ocrx_word' id='word_1_84' title='bbox 344 1370 414 1421; x_wconf 83' lang='lat' dir='ltr'>subiti</span> <span class='ocrx_word' id='word_1_85' title='bbox 424 1370 513 1430; x_wconf 77' lang='lat' dir='ltr'>casita,</span> <span class='ocrx_word' id='word_1_86' title='bbox 529 1371 632 1420; x_wconf 82' lang='lat' dir='ltr'>numinis</span> <span class='ocrx_word' id='word_1_87' title='bbox 643 1369 683 1419; x_wconf 80' lang='lat' dir='ltr'>ista</span> <span class='ocrx_word' id='word_1_88' title='bbox 695 1386 762 1420; x_wconf 82' lang='lat' dir='ltr'>mota</span> <span class='ocrx_word' id='word_1_89' title='bbox 771 1371 815 1421; x_wconf 79' lang='lat' dir='ltr'>est.</span> 
     </span>
     <span class='ocr_line' id='line_1_14' title="bbox 232 1441 874 1511; baseline 0.002 -17"><span class='ocrx_word' id='word_1_90' title='bbox 232 1441 397 1511; x_wconf 74' lang='lat' dir='ltr'>Quidpetitur</span> <span class='ocrx_word' id='word_1_91' title='bbox 405 1456 490 1503; x_wconf 85' lang='lat' dir='ltr'>tanto,</span> <span class='ocrx_word' id='word_1_92' title='bbox 504 1444 550 1495; x_wconf 82' lang='lat' dir='ltr'>nisi</span> <span class='ocrx_word' id='word_1_93' title='bbox 557 1442 632 1509; x_wconf 73' lang='lat' dir='ltr'>turpis</span> <span class='ocrx_word' id='word_1_94' title='bbox 640 1443 749 1492; x_wconf 76' lang='lat' dir='ltr'>adultera</span> <span class='ocrx_word' id='word_1_95' title='bbox 759 1476 768 1501; x_wconf 85' lang='lat'>‚</span> <span class='ocrx_word' id='word_1_96' title='bbox 777 1444 844 1495; x_wconf 90' lang='lat' dir='ltr'>bello</span> <span class='ocrx_word' id='word_1_97' title='bbox 853 1445 874 1495; x_wconf 72' lang='grc' dir='ltr'>ἓ·</span> 
     </span>
     <span class='ocr_line' id='line_1_15' title="bbox 268 1516 812 1577; baseline -0.004 -9"><span class='ocrx_word' id='word_1_98' title='bbox 268 1517 336 1568; x_wconf 86' lang='lat' dir='ltr'>Dum</span> <span class='ocrx_word' id='word_1_99' title='bbox 345 1520 420 1577; x_wconf 85' lang='lat' dir='ltr'>licet,</span> <span class='ocrx_word' id='word_1_100' title='bbox 431 1518 536 1568; x_wconf 78' lang='lat' dir='ltr'>lnachiae</span> <span class='ocrx_word' id='word_1_101' title='bbox 545 1519 636 1567; x_wconf 82' lang='lat' dir='ltr'>vertite</span> <span class='ocrx_word' id='word_1_102' title='bbox 650 1516 706 1565; x_wconf 75' lang='lat' dir='ltr'>vela</span> <span class='ocrx_word' id='word_1_103' title='bbox 719 1526 812 1568; x_wconf 65' lang='lat' dir='ltr'>ratem</span> 
     </span>
     <span class='ocr_line' id='line_1_16' title="bbox 174 1588 928 1659; baseline 0 -17"><span class='ocrx_word' id='word_1_104' title='bbox 174 1607 184 1642; x_wconf 87' lang='lat'>1</span> <span class='ocrx_word' id='word_1_105' title='bbox 190 1607 202 1658; x_wconf 76' lang='lat'>3</span> <span class='ocrx_word' id='word_1_106' title='bbox 210 1608 222 1655; x_wconf 85' lang='lat'>5</span> <span class='ocrx_word' id='word_1_107' title='bbox 234 1589 283 1641; x_wconf 82' lang='lat' dir='ltr'>Sed</span> <span class='ocrx_word' id='word_1_108' title='bbox 290 1592 347 1659; x_wconf 89' lang='lat' dir='ltr'>quid</span> <span class='ocrx_word' id='word_1_109' title='bbox 357 1608 405 1659; x_wconf 78' lang='lat' dir='ltr'>ego</span> <span class='ocrx_word' id='word_1_110' title='bbox 412 1607 506 1642; x_wconf 86' lang='lat' dir='ltr'>revoco</span> <span class='ocrx_word' id='word_1_111' title='bbox 514 1588 584 1641; x_wconf 66' lang='lat' dir='ltr'>hec?</span> <span class='ocrx_word' id='word_1_112' title='bbox 593 1606 666 1639; x_wconf 86' lang='lat' dir='ltr'>omen</span> <span class='ocrx_word' id='word_1_113' title='bbox 674 1588 812 1639; x_wconf 83' lang='lat' dir='ltr'>revocantis</span> <span class='ocrx_word' id='word_1_114' title='bbox 822 1590 928 1652; x_wconf 47' lang='lat' dir='ltr'>abetloss</span> 
     </span>
     <span class='ocr_line' id='line_1_17' title="bbox 269 1662 870 1730; baseline 0.005 -17"><span class='ocrx_word' id='word_1_115' title='bbox 269 1663 407 1730; x_wconf 79' lang='lat' dir='ltr'>Blandaque</span> <span class='ocrx_word' id='word_1_116' title='bbox 422 1664 567 1730; x_wconf 82' lang='lat' dir='ltr'>compositas</span> <span class='ocrx_word' id='word_1_117' title='bbox 581 1680 639 1713; x_wconf 82' lang='lat' dir='ltr'>aura</span> <span class='ocrx_word' id='word_1_118' title='bbox 657 1662 771 1713; x_wconf 83' lang='lat' dir='ltr'>secundet</span> <span class='ocrx_word' id='word_1_119' title='bbox 785 1680 870 1729; x_wconf 80' lang='lat' dir='ltr'>aquas.</span> 
     </span>
     <span class='ocr_line' id='line_1_18' title="bbox 234 1735 816 1804; baseline 0 -18"><span class='ocrx_word' id='word_1_120' title='bbox 234 1735 339 1788; x_wconf 83' lang='lat' dir='ltr'>Troasin</span> <span class='ocrx_word' id='word_1_121' title='bbox 348 1737 446 1788; x_wconf 77' lang='lat' dir='ltr'>invideo</span> <span class='ocrx_word' id='word_1_122' title='bbox 458 1736 562 1804; x_wconf 77' lang='lat' dir='ltr'>:quaesi</span> <span class='ocrx_word' id='word_1_123' title='bbox 577 1736 710 1803; x_wconf 76' lang='lat' dir='ltr'>lacrymosa</span> <span class='ocrx_word' id='word_1_124' title='bbox 721 1736 816 1786; x_wconf 82' lang='lat' dir='ltr'>luorum</span> 
     </span>
     <span class='ocr_line' id='line_1_19' title="bbox 269 1808 850 1878; baseline -0.002 -17"><span class='ocrx_word' id='word_1_125' title='bbox 269 1811 364 1861; x_wconf 77' lang='lat' dir='ltr'>Funera</span> <span class='ocrx_word' id='word_1_126' title='bbox 374 1810 540 1878; x_wconf 81' lang='lat' dir='ltr'>conspicient,</span> <span class='ocrx_word' id='word_1_127' title='bbox 549 1826 595 1862; x_wconf 86' lang='lat' dir='ltr'>nec</span> <span class='ocrx_word' id='word_1_128' title='bbox 604 1810 691 1876; x_wconf 88' lang='lat' dir='ltr'>procul</span> <span class='ocrx_word' id='word_1_129' title='bbox 702 1808 774 1860; x_wconf 80' lang='lat' dir='ltr'>hostis</span> <span class='ocrx_word' id='word_1_130' title='bbox 785 1810 850 1867; x_wconf 83' lang='lat' dir='ltr'>erit3</span> 
     </span>
     <span class='ocr_line' id='line_1_20' title="bbox 233 1877 786 1950; baseline 0 -17"><span class='ocrx_word' id='word_1_131' title='bbox 233 1883 287 1950; x_wconf 80' lang='lat' dir='ltr'>Ipsa</span> <span class='ocrx_word' id='word_1_132' title='bbox 295 1877 341 1934; x_wconf 79' lang='lat' dir='ltr'>suii</span> <span class='ocrx_word' id='word_1_133' title='bbox 350 1883 459 1936; x_wconf 70' lang='lat' dir='ltr'>mauilnuc</span> <span class='ocrx_word' id='word_1_134' title='bbox 468 1883 527 1933; x_wconf 82' lang='lat' dir='ltr'>forti</span> <span class='ocrx_word' id='word_1_135' title='bbox 536 1900 601 1933; x_wconf 82' lang='lat' dir='ltr'>nnva</span> <span class='ocrx_word' id='word_1_136' title='bbox 611 1890 686 1948; x_wconf 79' lang='lat' dir='ltr'>nupta</span> <span class='ocrx_word' id='word_1_137' title='bbox 698 1883 786 1935; x_wconf 82' lang='lat' dir='ltr'>merito</span> 
     </span>
     <span class='ocr_line' id='line_1_21' title="bbox 175 1956 822 2024; baseline -0.002 -16"><span class='ocrx_word' id='word_1_138' title='bbox 175 1974 225 2022; x_wconf 80' lang='lat'>140</span> <span class='ocrx_word' id='word_1_139' title='bbox 271 1956 384 2024; x_wconf 83' lang='lat' dir='ltr'>Imponet</span> <span class='ocrx_word' id='word_1_140' title='bbox 392 1957 503 2024; x_wconf 70' lang='lat' dir='ltr'>galeam,</span> <span class='ocrx_word' id='word_1_141' title='bbox 513 1958 660 2022; x_wconf 80' lang='lat' dir='ltr'>barbaraque</span> <span class='ocrx_word' id='word_1_142' title='bbox 670 1973 734 2005; x_wconf 74' lang='lat' dir='ltr'>arma</span> <span class='ocrx_word' id='word_1_143' title='bbox 745 1956 822 2007; x_wconf 81' lang='lat' dir='ltr'>dabit.</span> 
     </span>
    </p>
   </div>
   <div class='ocr_carea' id='block_1_3' title="bbox 233 2028 1013 2096">
    <p class='ocr_par' dir='ltr' id='par_1_3' title="bbox 233 2028 1013 2096">
     <span class='ocr_line' id='line_1_22' title="bbox 233 2028 1013 2096; baseline -0.001 -15"><span class='ocrx_word' id='word_1_144' title='bbox 233 2028 929 2096; x_wconf 67' lang='lat' dir='ltr'>Armadabuidunquemdabit,simu1-osculasuneta</span> <span class='ocrx_word' id='word_1_145' title='bbox 1009 2055 1013 2062; x_wconf 89' lang='lat'><strong>·</strong></span> 
     </span>
    </p>
   </div>
   <div class='ocr_carea' id='block_1_4' title="bbox 176 2102 936 3192">
    <p class='ocr_par' dir='ltr' id='par_1_4' title="bbox 176 2102 936 3192">
     <span class='ocr_line' id='line_1_23' title="bbox 270 2102 753 2172; baseline 0 -20"><span class='ocrx_word' id='word_1_146' title='bbox 270 2102 327 2153; x_wconf 86' lang='lat' dir='ltr'>Hoc</span> <span class='ocrx_word' id='word_1_147' title='bbox 338 2120 414 2172; x_wconf 78' lang='lat' dir='ltr'>genua</span> <span class='ocrx_word' id='word_1_148' title='bbox 425 2102 499 2156; x_wconf 87' lang='lat' dir='ltr'>officii</span> <span class='ocrx_word' id='word_1_149' title='bbox 508 2104 579 2155; x_wconf 88' lang='lat' dir='ltr'>dulce</span> <span class='ocrx_word' id='word_1_150' title='bbox 591 2103 685 2153; x_wconf 85' lang='lat' dir='ltr'>duobus</span> <span class='ocrx_word' id='word_1_151' title='bbox 697 2104 753 2153; x_wconf 87' lang='lat' dir='ltr'>etit.</span> 
     </span>
     <span class='ocr_line' id='line_1_24' title="bbox 235 2174 853 2245; baseline -0.003 -17"><span class='ocrx_word' id='word_1_152' title='bbox 235 2175 406 2245; x_wconf 86' lang='lat' dir='ltr'>Producetque</span> <span class='ocrx_word' id='word_1_153' title='bbox 414 2176 731 2238; x_wconf 78' lang='lat' dir='ltr'>virum,dabit&amp;mandata</span> <span class='ocrx_word' id='word_1_154' title='bbox 739 2174 853 2230; x_wconf 72' lang='lat' dir='ltr'>revertic-</span> 
     </span>
     <span class='ocr_line' id='line_1_25' title="bbox 270 2249 765 2311; baseline -0.008 -10"><span class='ocrx_word' id='word_1_155' title='bbox 270 2251 301 2301; x_wconf 83' lang='lat' dir='ltr'>Et</span> <span class='ocrx_word' id='word_1_156' title='bbox 312 2252 387 2311; x_wconf 88' lang='lat' dir='ltr'>dicet;</span> <span class='ocrx_word' id='word_1_157' title='bbox 398 2252 501 2304; x_wconf 76' lang='lat' dir='ltr'>Referas</span> <span class='ocrx_word' id='word_1_158' title='bbox 509 2251 612 2305; x_wconf 80' lang='lat' dir='ltr'>istaface</span> <span class='ocrx_word' id='word_1_159' title='bbox 620 2267 685 2302; x_wconf 78' lang='lat' dir='ltr'>actm</span> <span class='ocrx_word' id='word_1_160' title='bbox 696 2249 710 2300; x_wconf 90' lang='lat' dir='ltr'>J</span> <span class='ocrx_word' id='word_1_161' title='bbox 712 2250 765 2299; x_wconf 85' lang='lat' dir='ltr'>ovi.</span> 
     </span>
     <span class='ocr_line' id='line_1_26' title="bbox 176 2320 853 2388; baseline -0.016 -12"><span class='ocrx_word' id='word_1_162' title='bbox 176 2340 223 2388; x_wconf 82' lang='lat'>145</span> <span class='ocrx_word' id='word_1_163' title='bbox 236 2325 298 2382; x_wconf 85' lang='lat' dir='ltr'>llle,</span> <span class='ocrx_word' id='word_1_164' title='bbox 313 2325 393 2388; x_wconf 74' lang='lat' dir='ltr'>serem</span> <span class='ocrx_word' id='word_1_165' title='bbox 404 2325 506 2376; x_wconf 71' lang='lat' dir='ltr'>domina</span> <span class='ocrx_word' id='word_1_166' title='bbox 514 2324 626 2374; x_wconf 82' lang='lat' dir='ltr'>mandate</span> <span class='ocrx_word' id='word_1_167' title='bbox 635 2321 742 2371; x_wconf 81' lang='lat' dir='ltr'>recentia</span> <span class='ocrx_word' id='word_1_168' title='bbox 752 2320 853 2375; x_wconf 81' lang='lat' dir='ltr'>secum,</span> 
     </span>
     <span class='ocr_line' id='line_1_27' title="bbox 271 2392 780 2463; baseline -0.016 -17"><span class='ocrx_word' id='word_1_169' title='bbox 271 2396 389 2463; x_wconf 79' lang='lat' dir='ltr'>Pugnabit</span> <span class='ocrx_word' id='word_1_170' title='bbox 402 2397 489 2456; x_wconf 75' lang='lat' dir='ltr'>caute.</span> <span class='ocrx_word' id='word_1_171' title='bbox 500 2395 660 2461; x_wconf 82' lang='lat' dir='ltr'>respicietque</span> <span class='ocrx_word' id='word_1_172' title='bbox 674 2392 780 2440; x_wconf 86' lang='lat' dir='ltr'>domum.</span> 
     </span>
     <span class='ocr_line' id='line_1_28' title="bbox 234 2460 911 2535; baseline -0.013 -14"><span class='ocrx_word' id='word_1_173' title='bbox 234 2469 314 2521; x_wconf 80' lang='lat' dir='ltr'>Exuet</span> <span class='ocrx_word' id='word_1_174' title='bbox 324 2469 475 2520; x_wconf 66' lang='lat' dir='ltr'>hncseduci</span> <span class='ocrx_word' id='word_1_175' title='bbox 484 2470 597 2535; x_wconf 82' lang='lat' dir='ltr'>clypeum</span> <span class='ocrx_word' id='word_1_176' title='bbox 608 2498 616 2523; x_wconf 90' lang='lat'>,</span> <span class='ocrx_word' id='word_1_177' title='bbox 628 2466 767 2531; x_wconf 83' lang='lat' dir='ltr'>galeamque</span> <span class='ocrx_word' id='word_1_178' title='bbox 779 2460 887 2515; x_wconf 84' lang='lat' dir='ltr'>resolvet</span> <span class='ocrx_word' id='word_1_179' title='bbox 897 2496 911 2534; x_wconf 61' lang='lat'>,</span> 
     </span>
     <span class='ocr_line' id='line_1_29' title="bbox 271 2536 742 2607; baseline -0.011 -16"><span class='ocrx_word' id='word_1_180' title='bbox 271 2540 435 2607; x_wconf 83' lang='lat' dir='ltr'>Excipietque</span> <span class='ocrx_word' id='word_1_181' title='bbox 447 2540 490 2590; x_wconf 84' lang='lat' dir='ltr'>suo</span> <span class='ocrx_word' id='word_1_182' title='bbox 502 2539 600 2606; x_wconf 60' lang='lat' dir='ltr'>penora</span> <span class='ocrx_word' id='word_1_183' title='bbox 612 2536 665 2587; x_wconf 75' lang='lat' dir='ltr'>uffa</span> <span class='ocrx_word' id='word_1_184' title='bbox 679 2536 742 2589; x_wconf 82' lang='lat' dir='ltr'>sinu.</span> 
     </span>
     <span class='ocr_line' id='line_1_30' title="bbox 236 2608 838 2678; baseline -0.015 -10"><span class='ocrx_word' id='word_1_185' title='bbox 236 2617 289 2668; x_wconf 78' lang='lat' dir='ltr'>Nos</span> <span class='ocrx_word' id='word_1_186' title='bbox 298 2614 376 2666; x_wconf 80' lang='lat' dir='ltr'>sumus</span> <span class='ocrx_word' id='word_1_187' title='bbox 385 2615 485 2664; x_wconf 73' lang='lat' dir='ltr'>incerte</span> <span class='ocrx_word' id='word_1_188' title='bbox 497 2629 505 2665; x_wconf 77' lang='lat' dir='ltr'>c</span> <span class='ocrx_word' id='word_1_189' title='bbox 516 2611 654 2663; x_wconf 71' lang='lat' dir='ltr'>nocentius</span> <span class='ocrx_word' id='word_1_190' title='bbox 664 2608 742 2660; x_wconf 80' lang='lat' dir='ltr'>omnia</span> <span class='ocrx_word' id='word_1_191' title='bbox 753 2608 838 2678; x_wconf 81' lang='lat' dir='ltr'>cogit,</span> 
     </span>
     <span class='ocr_line' id='line_1_31' title="bbox 176 2684 778 2757; baseline -0.015 -15"><span class='ocrx_word' id='word_1_192' title='bbox 176 2705 227 2754; x_wconf 86' lang='lat'>150</span> <span class='ocrx_word' id='word_1_193' title='bbox 275 2689 338 2754; x_wconf 75' lang='lat' dir='ltr'>Qua</span> <span class='ocrx_word' id='word_1_194' title='bbox 347 2686 441 2757; x_wconf 83' lang='lat' dir='ltr'>poliunt</span> <span class='ocrx_word' id='word_1_195' title='bbox 449 2684 517 2746; x_wconf 83' lang='lat' dir='ltr'>fieti,</span> <span class='ocrx_word' id='word_1_196' title='bbox 529 2684 589 2737; x_wconf 68' lang='lat' dir='ltr'>falla</span> <span class='ocrx_word' id='word_1_197' title='bbox 600 2696 685 2752; x_wconf 84' lang='lat' dir='ltr'>putate</span> <span class='ocrx_word' id='word_1_198' title='bbox 695 2684 778 2735; x_wconf 88' lang='lat' dir='ltr'>timor.</span> 
     </span>
     <span class='ocr_line' id='line_1_32' title="bbox 236 2758 887 2832; baseline -0.009 -18"><span class='ocrx_word' id='word_1_199' title='bbox 236 2763 303 2814; x_wconf 86' lang='lat' dir='ltr'>Dum</span> <span class='ocrx_word' id='word_1_200' title='bbox 317 2776 397 2815; x_wconf 85' lang='lat' dir='ltr'>tamen</span> <span class='ocrx_word' id='word_1_201' title='bbox 413 2779 478 2814; x_wconf 84' lang='lat' dir='ltr'>arma</span> <span class='ocrx_word' id='word_1_202' title='bbox 490 2776 560 2832; x_wconf 79' lang='lat' dir='ltr'>geres</span> <span class='ocrx_word' id='word_1_203' title='bbox 574 2759 668 2810; x_wconf 84' lang='lat' dir='ltr'>diverso</span> <span class='ocrx_word' id='word_1_204' title='bbox 683 2759 750 2810; x_wconf 82' lang='lat' dir='ltr'>miles</span> <span class='ocrx_word' id='word_1_205' title='bbox 766 2758 792 2809; x_wconf 92' lang='lat' dir='ltr'>in</span> <span class='ocrx_word' id='word_1_206' title='bbox 808 2758 887 2818; x_wconf 71' lang='lat' dir='ltr'>orbe,</span> 
     </span>
     <span class='ocr_line' id='line_1_33' title="bbox 274 2834 778 2900; baseline -0.004 -13"><span class='ocrx_word' id='word_1_207' title='bbox 274 2835 337 2900; x_wconf 72' lang='lat' dir='ltr'>Qun</span> <span class='ocrx_word' id='word_1_208' title='bbox 346 2839 436 2888; x_wconf 82' lang='lat' dir='ltr'>celerat</span> <span class='ocrx_word' id='word_1_209' title='bbox 443 2838 524 2888; x_wconf 84' lang='lat' dir='ltr'>vultus</span> <span class='ocrx_word' id='word_1_210' title='bbox 533 2834 567 2886; x_wconf 78' lang='lat' dir='ltr'>esi</span> <span class='ocrx_word' id='word_1_211' title='bbox 577 2835 636 2885; x_wconf 91' lang='lat' dir='ltr'>mihi</span> <span class='ocrx_word' id='word_1_212' title='bbox 646 2851 702 2898; x_wconf 79' lang='lat' dir='ltr'>ceta</span> <span class='ocrx_word' id='word_1_213' title='bbox 711 2846 778 2885; x_wconf 77' lang='lat' dir='ltr'>tuot.</span> 
     </span>
     <span class='ocr_line' id='line_1_34' title="bbox 238 2909 840 2971; baseline 0 -11"><span class='ocrx_word' id='word_1_214' title='bbox 238 2909 275 2960; x_wconf 85' lang='lat' dir='ltr'>llll</span> <span class='ocrx_word' id='word_1_215' title='bbox 289 2910 431 2971; x_wconf 77' lang='lat' dir='ltr'>blanditias,</span> <span class='ocrx_word' id='word_1_216' title='bbox 447 2910 482 2961; x_wconf 90' lang='lat' dir='ltr'>illi</span> <span class='ocrx_word' id='word_1_217' title='bbox 493 2911 539 2960; x_wconf 78' lang='lat' dir='ltr'>n&#39;hi</span> <span class='ocrx_word' id='word_1_218' title='bbox 552 2910 633 2960; x_wconf 84' lang='lat' dir='ltr'>debita</span> <span class='ocrx_word' id='word_1_219' title='bbox 644 2909 719 2959; x_wconf 81' lang='lat' dir='ltr'>verba</span> <span class='ocrx_word' id='word_1_220' title='bbox 734 2927 736 2931; x_wconf 94' lang='lat'>·</span> <span class='ocrx_word' id='word_1_221' title='bbox 836 2955 840 2960; x_wconf 93' lang='lat'>.</span> 
     </span>
     <span class='ocr_line' id='line_1_35' title="bbox 239 2981 843 3057; baseline -0.017 -24"><span class='ocrx_word' id='word_1_222' title='bbox 239 3007 247 3022; x_wconf 93' lang='lat'><strong>·</strong></span> <span class='ocrx_word' id='word_1_223' title='bbox 273 2983 382 3034; x_wconf 80' lang='lat' dir='ltr'>Dicimus</span> <span class='ocrx_word' id='word_1_224' title='bbox 394 2984 535 3050; x_wconf 80' lang='lat' dir='ltr'>:amplexus</span> <span class='ocrx_word' id='word_1_225' title='bbox 547 2982 636 3047; x_wconf 80' lang='lat' dir='ltr'>accipit</span> <span class='ocrx_word' id='word_1_226' title='bbox 644 2981 771 3030; x_wconf 78' lang='lat' dir='ltr'>illameos.</span> <span class='ocrx_word' id='word_1_227' title='bbox 835 3043 843 3057; x_wconf 86' lang='lat'><strong>.</strong></span> 
     </span>
     <span class='ocr_line' id='line_1_36' title="bbox 182 3048 936 3121; baseline -0.008 -13"><span class='ocrx_word' id='word_1_228' title='bbox 182 3069 194 3108; x_wconf 87' lang='grc' dir='ltr'><strong>ι</strong></span> <span class='ocrx_word' id='word_1_229' title='bbox 199 3071 211 3120; x_wconf 82' lang='lat'>5</span> <span class='ocrx_word' id='word_1_230' title='bbox 218 3070 229 3120; x_wconf 84' lang='lat'><em>5</em></span> <span class='ocrx_word' id='word_1_231' title='bbox 243 3056 325 3109; x_wconf 83' lang='lat' dir='ltr'>Crede</span> <span class='ocrx_word' id='word_1_232' title='bbox 337 3056 394 3118; x_wconf 67' lang='lat' dir='ltr'>nihl</span> <span class='ocrx_word' id='word_1_233' title='bbox 401 3073 411 3116; x_wconf 63' lang='grc' dir='ltr'><strong>ς</strong></span> <span class='ocrx_word' id='word_1_234' title='bbox 424 3056 476 3121; x_wconf 78' lang='lat' dir='ltr'>plut</span> <span class='ocrx_word' id='word_1_235' title='bbox 487 3055 536 3114; x_wconf 78' lang='lat' dir='ltr'>est,</span> <span class='ocrx_word' id='word_1_236' title='bbox 546 3057 616 3120; x_wconf 68' lang='lat' dir='ltr'>quun</span> <span class='ocrx_word' id='word_1_237' title='bbox 625 3050 689 3116; x_wconf 83' lang='lat' dir='ltr'>quod</span> <span class='ocrx_word' id='word_1_238' title='bbox 699 3048 823 3108; x_wconf 76' lang='lat' dir='ltr'>videatur,</span> <span class='ocrx_word' id='word_1_239' title='bbox 835 3063 936 3118; x_wconf 70' lang='lat' dir='ltr'>imago:</span> 
     </span>
     <span class='ocr_line' id='line_1_37' title="bbox 274 3120 771 3192; baseline -0.016 -10"><span class='ocrx_word' id='word_1_240' title='bbox 274 3129 344 3182; x_wconf 78' lang='lat' dir='ltr'>Adde</span> <span class='ocrx_word' id='word_1_241' title='bbox 360 3127 444 3180; x_wconf 81' lang='lat' dir='ltr'>sonunt</span> <span class='ocrx_word' id='word_1_242' title='bbox 457 3142 541 3192; x_wconf 54' lang='lat' dir='ltr'>cmm</span> <span class='ocrx_word' id='word_1_243' title='bbox 553 3120 699 3180; x_wconf 68' lang='lat' dir='ltr'>Proculus</span> <span class='ocrx_word' id='word_1_244' title='bbox 714 3120 771 3174; x_wconf 80' lang='lat' dir='ltr'>erit.</span> 
     </span>
    </p>
   </div>
   <div class='ocr_carea' id='block_1_5' title="bbox 0 0 1219 3892">
    <p class='ocr_par' dir='ltr' id='par_1_5' title="bbox 0 0 1219 3892">
     <span class='ocr_line' id='line_1_38' title="bbox 0 0 1219 3892; baseline 0 0"><span class='ocrx_word' id='word_1_245' title='bbox 0 0 1219 3892; x_wconf 95' lang='lat' dir='ltr'> </span> 
     </span>
    </p>
   </div>
  </div>
 </body>
</html>
