2392 3892
241 423 411 544 :Zrern
437 466 486 538 ΙῙ.
511 421 706 537 Eurota
733 468 809 541 IX.
836 485 912 566 155

237 602 880 676 e======affre=mo

369 742 622 808 ELEGIA
678 744 752 807 IX.

213 832 277 956 Θ
298 898 306 951 l
326 914 486 961 numquam
502 920 546 970 pro
564 919 603 953 me
618 902 673 953 satis
688 903 812 971 indignate
828 901 935 969 cupido.

243 974 269 1023 Ο
287 973 295 1023 l
313 975 338 1023 in
357 975 431 1024 corde
449 992 504 1025 meo
522 976 638 1027 desidiose
655 993 724 1042 puer.

210 1044 277 1111 Quid
292 1063 352 1105 me,
368 1047 408 1113 qui
422 1048 491 1098 miles
507 1065 633 1116 numquam
650 1060 691 1099 tua
705 1049 773 1119 signa
789 1047 896 1117 reliqui.

245 1117 346 1169 Laedis?
364 1120 390 1171 δι
404 1120 429 1171 in
444 1122 523 1172 castris
538 1123 654 1172 vulneror
670 1123 719 1190 ipse
736 1122 819 1175 meis?

211 1194 261 1243 Cur
276 1206 318 1243 tua
333 1193 373 1243 fax
389 1193 454 1253 urit,
472 1193 524 1263 figit
538 1207 594 1246 tuus
612 1212 682 1247 arcus
698 1196 810 1248 amicos?
928 1208 941 1257 ς

248 1265 334 1316 Gloria
349 1280 484 1335 pugnantes
500 1269 600 1317 vincere
615 1268 691 1334 major
707 1284 768 1320 erat.

213 1337 301 1404 Quid?
319 1356 369 1388 non
382 1339 523 1389 Haemonius
539 1356 610 1406 quem
625 1339 720 1406 cuspide
735 1343 838 1407 perculit
850 1343 944 1398 heros,

249 1411 389 1463 Confoffum
405 1412 498 1463 medici
515 1412 640 1479 pollmodo
657 1412 719 1479 juvit
736 1414 808 1480 ope?

213 1486 325 1541 Venator
341 1485 446 1553 sequitur
461 1485 596 1553 fugientia,
617 1499 686 1553 capta
702 1487 835 1553 relinquit:

250 1560 351 1625 Semper
367 1559 393 1609 δι
409 1560 513 1609 inventis
528 1560 645 1610 ulteriora
661 1560 751 1627 petit.⁵
933 1572 965 1606 10

214 1632 267 1682 Nos
284 1646 327 1681 tua
343 1630 474 1691 sentimus,
495 1634 598 1700 populus
614 1632 658 1682 tibi
677 1633 791 1691 deditus,
811 1646 896 1680 arma:

252 1706 321 1773 Pigra
337 1705 463 1755 reludianti
478 1704 550 1755 celsat
566 1706 590 1755 in
605 1704 673 1756 hoste
689 1724 780 1756 manus.

217 1778 283 1841 Quid
298 1777 366 1845 juvat
380 1780 405 1829 in
420 1779 489 1829 nudis
502 1779 597 1830 hamata¹
611 1779 740 1829 retundere
756 1779 805 1828 tela

254 1849 377 1901 Ossibus?
396 1851 443 1902 offa
458 1852 516 1901 mihi
535 1852 597 1902 nuda
612 1853 708 1919 reliquit
724 1870 803 1902 amor.

218 1924 269 1973 Tot
283 1924 333 1973 sine
348 1941 429 1976 amore
445 1926 508 1985 viri,
524 1938 561 1977 tot
577 1926 630 1976 sunt
644 1928 695 1977 sine
711 1942 792 1976 amore
808 1923 913 1992 puellaet
937 1934 966 1983 15

256 1996 319 2046 Hinc
336 1998 378 2047 tibi
396 2016 448 2048 cum
465 2016 550 2067 magna
566 2000 637 2049 laude
653 1999 786 2065 triumphus
802 2010 852 2047 eat.

219 2068 314 2128 Roma,
331 2070 376 2119 nisi
391 2071 528 2124 immensum
543 2071 608 2120 vires
623 2070 753 2136 promdliet
768 2072 792 2118 in
807 2070 911 2125 orbern,

240 2170 243 2174 Δ
255 2142 395 2191 Stramineis
411 2142 470 2192 elset
484 2159 547 2191 nunc
564 2158 660 2206 quoque
675 2142 737 2191 tedia
751 2134 824 2192 casis.⁴

222 2213 302 2265 Fessus
318 2214 343 2261 in
359 2227 475 2279 acceptos
491 2215 560 2263 miles
576 2213 703 2263 deducitur
717 2228 810 2281 agrost

257 2286 366 2337 Mittitur
380 2286 405 2336 in
420 2286 492 2335 saltus
509 2302 607 2336 carcere
621 2286 683 2336 liber
697 2300 793 2351 equus:
939 2297 974 2332 20

221 2359 352 2426 Longaque
369 2359 503 2409 subdudiam
520 2360 601 2410 celant
616 2359 708 2410 navalia
724 2360 824 2426 pinum:

258 2433 371 2498 Tutaque
389 2433 500 2500 deposito
517 2434 622 2500 poscitur
639 2433 694 2483 ense
712 2432 788 2483 rudis.

222 2505 267 2556 Me
285 2522 400 2572 quoque,
419 2508 460 2574 qui
473 2508 548 2557 toties
563 2506 640 2557 merui
657 2506 699 2557 sul>
714 2521 797 2555 amore
812 2504 900 2570 puelle
913 2533 923 2561 ‚

171 2610 173 2614 -
260 2578 408 2629 Defuntlum
425 2580 518 2646 placidi:
535 2581 619 2631 vivere
635 2594 730 2645 tempus
747 2590 809 2628 erat.

224 2652 308 2708 Vive,
325 2652 412 2711 Deus,
428 2654 528 2718 posito,
543 2654 562 2703 si
577 2654 630 2719 quis
642 2654 705 2702 'mihi
718 2653 801 2707 dicat,
819 2661 922 2703 amore3
942 2659 976 2709 25

261 2724 415 2788 Deprecer:
431 2739 506 2790 usque
522 2727 584 2775 adeo
603 2726 674 2775 dulce
689 2725 771 2789 puella
785 2721 875 2770 malurn
891 2718 934 2769 est.

226 2796 289 2848 cum
298 2798 361 2846 bene
372 2797 497 2862 pertaesum
507 2796 558 2855 eli,
574 2798 702 2862 animoque
714 2792 836 2861 relanguit
845 2792 936 2852 ardor,

264 2870 355 2921 Nescio
371 2885 420 2935 quo
436 2869 525 2919 miserae
542 2869 638 2919 turbine
653 2868 741 2919 mentis
757 2883 826 2935 agor.

229 2944 265 2994 Ut
281 2944 343 3011 rapit
359 2943 384 2992 in
401 2958 509 3009 praeeeps
525 2942 664 3001 dominum,
683 2940 814 3009 spumantia
828 2938 910 2990 fnrllra

267 3017 344 3066 Frena
360 3028 541 3075 retentantem,
559 3015 641 3065 durior
656 3016 705 3066 oris
722 3028 819 3081 equus:
947 3022 984 3078 30

232 3083 276 3139 Ut
285 3087 390 3150 subitus,
410 3107 486 3156 prope
502 3089 548 3155 jam
563 3088 650 3156 prensi
663 3082 772 3149 tellure,
790 3087 895 3138 carinam

270 3160 420 3233 Tangentem
435 3176 520 3234 portur
536 3174 624 3217 ventus
640 3164 668 3215 in
680 3166 728 3216 alra
743 3163 808 3233 rapit
819 3178 856 3287 :G
885 3228 893 3241 .

868 3247 896 3300 'i
