2392 3892
298 418 589 537 Hunorum.
617 469 696 537 Er.
723 469 827 539 XVI.
876 485 927 563 77

218 584 301 654 Phryx
311 599 379 646 erat,
393 588 419 637 &
428 588 509 638 nostro
519 587 614 656 genitus
625 586 655 636 de
666 586 778 653 sanguine
788 620 795 645 ,
806 587 846 653 qui
855 605 918 639 nunc

256 660 318 710 Cum
327 660 374 710 Dis
383 662 500 726 potandas
512 661 609 711 nestare
619 659 702 709 miscet
714 676 796 725 aquas.

219 731 303 799 Phryx
311 746 363 783 erat
372 736 474 783 Aurorae
487 733 577 799 conjux
586 750 594 782 r
606 746 686 782 tamen
695 731 790 783 abstulit
799 732 865 781 illum
875 764 883 791 ,

255 806 397 855 Extremum
408 806 485 855 nosiis
496 823 549 870 quae
559 805 614 854 Dea
623 804 675 853 finit
683 806 740 855 iter.
843 869 845 875 Α
939 822 991 858 200

191 867 194 878 ’
218 876 303 945 Phryx
313 880 385 927 etiarn
395 877 513 927 Anchises
524 910 531 934 ,
541 879 668 925 volucrum
675 878 715 925 cui
722 887 800 927 mater
806 877 922 929 Amorum

256 951 360 1002 Gaudet
370 950 395 998 in
405 949 475 998 ldaeis
487 949 639 999 concubuisse
646 948 720 1017 jugis.

215 1026 274 1074 Nec
285 1057 295 1080 ,
311 1034 388 1087 puto,
402 1021 496 1072 collatis
507 1022 584 1071 sormi
596 1022 725 1073 Menelaiis
736 1024 763 1076 δι
774 1025 860 1083 ennie,

257 1094 347 1147 Judice
356 1106 396 1152 te,
408 1094 477 1145 nobis
487 1096 657 1146 anteferendus
666 1097 722 1148 erit.

212 1171 279 1220 Non
294 1165 398 1217 dabimus
411 1166 477 1217 certe
487 1167 595 1217 socerum
605 1169 664 1227 tibi,
678 1173 742 1220 clara
750 1170 875 1238 fugantem
941 1185 975 1221 20
980 1185 994 1233 5

255 1240 373 1299 Lumina;
385 1241 426 1307 qui
434 1242 635 1306 trepidocadape
644 1254 725 1292 vertat
733 1260 819 1308 equos.
1000 1245 1003 1249 ’

214 1316 273 1364 Nec
285 1325 354 1378 pater
365 1312 399 1363 est
410 1312 504 1362 Priamo
514 1313 592 1362 soceri
601 1313 635 1363 de
641 1314 708 1364 caede
719 1328 850 1374 cruentus;

255 1386 288 1436 Et
300 1387 341 1451 qui
352 1386 468 1453 Myrtoas
477 1386 575 1436 crimine
584 1387 664 1454 signet
672 1403 755 1453 equas.

214 1460 242 1512 N
244 1475 273 1510 ec
285 1475 379 1525 proavo
389 1457 472 1527 stygis
481 1459 561 1510 nostro
571 1472 699 1525 captantur
708 1461 733 1509 in
744 1459 807 1509 unda

254 1532 345 1591 Poma,
358 1548 403 1583 nec
414 1533 439 1582 in
449 1533 532 1585 mediis
541 1536 658 1600 quaeritur
666 1534 752 1583 humor
762 1533 840 1600 aquis.
944 1548 998 1583 210

216 1605 292 1671 Quid
301 1619 381 1655 tamen
389 1608 437 1656 hoc
447 1606 541 1664 refert,
552 1607 610 1657 site
620 1619 691 1657 tenet
700 1620 768 1657 ortus
778 1608 808 1657 ab
818 1605 889 1657 iilis?

256 1678 364 1746 Cogitur
374 1679 430 1729 huic
441 1680 522 1729 domui
529 1680 641 1747 iuppiter
651 1679 699 1731 esse
708 1680 786 1731 socer.

170 1737 183 1756 ⁸
212 1752 278 1806 Heu
294 1751 385 1801 facinus
397 1752 404 1801 !
417 1752 475 1803 totis
485 1752 596 1821 indignus
607 1754 715 1804 nostibus
727 1755 769 1803 ilie

178 1881 181 1886 ¹
255 1825 296 1873 Te
309 1835 377 1875 tenet
387 1860 394 1884 ,
404 1826 515 1891 amplexu
528 1827 707 1893 perfruiturque
717 1839 772 1877 tuo,

170 1909 180 2002 p
215 1899 254 1951 At
265 1898 321 1954 mihi
333 1898 478 1964 conspiceris
486 1899 564 1964 positi
574 1902 616 1951 vix
626 1901 729 1968 denique
738 1898 838 1958 mensu
940 1915 991 1963 215

184 1987 191 1996 ·
256 1970 386 2037 Multaque
396 2006 403 2029 ,
412 1989 464 2039 quae
472 1973 560 2023 laedant
569 2007 576 2031 ,
586 1974 634 2024 hoc
643 1992 742 2041 quoque
751 1986 846 2041 tempus
854 1972 937 2024 habet.

216 2042 333 2096 Hostibus
344 2046 457 2095 eveniant
467 2047 577 2096 convivia
588 2048 645 2097 talia
654 2047 756 2108 nostris,

257 2116 375 2183 Experior
385 2118 467 2185 posito
476 2119 553 2183 qualia
562 2119 623 2184 saepe
631 2136 710 2170 mero.

217 2190 326 2243 Poenitet
335 2190 447 2256 hospitii,
459 2188 512 2239 cum
520 2223 528 2247 ,
536 2208 574 2239 me
583 2191 720 2256 spectante,
731 2190 839 2240 incertos

257 2262 373 2330 Imposuit
384 2263 450 2312 coslo
461 2261 560 2313 rusticus
570 2262 612 2312 iste
622 2274 674 2312 tuo.
944 2274 998 2310 220

218 2336 342 2402 Rumpor,
356 2336 492 2387 &invideo
504 2333 578 2402 (quid
590 2337 653 2386 enim
663 2347 744 2386 tamen
755 2334 834 2386 omnia
843 2334 954 2385 narrem?
965 2336 976 2402 )

257 2408 368 2458 Membra
378 2408 510 2475 superjesii
520 2407 573 2459 crim
584 2421 626 2459 tua
635 2410 699 2459 veste
710 2410 789 2461 sovet.
815 2466 821 2475 ,

220 2451 312 2533 &scula
323 2479 377 2531 crim
388 2479 449 2531 vero
460 2499 540 2535 coram
550 2484 666 2534 nondura
677 2481 785 2545 daretis,

257 2555 322 2604 Ante
332 2555 417 2604 oculos
426 2555 493 2621 posui
501 2556 588 2621 pocula
597 2555 671 2608 sumta
682 2572 760 2607 meos.

219 2627 320 2679 Lumina
330 2626 449 2687 demitto,
462 2626 515 2678 crim
524 2642 550 2678 te
559 2641 630 2680 tenet
638 2628 723 2679 arctius
734 2630 796 2680 isset
943 2639 994 2688 225

260 2699 356 2749 Crescit
367 2699 478 2750 &invito
487 2702 567 2751 sentus
578 2701 604 2750 in
612 2718 655 2752 ore
667 2702 743 2751 cibus.

220 2774 289 2838 Saepe
298 2772 355 2823 dedi
367 2774 488 2839 gemitus:
500 2773 559 2823 &te
568 2805 577 2830 ,
587 2770 785 2831 lasciva,notavi

257 2847 285 2895 ln
296 2845 388 2915 gemitu
399 2843 638 2896 risumnonteuuisse
651 2860 718 2893 meo·

222 2919 290 2984 Saepe
299 2935 368 2969 mero
378 2918 445 2967 volui
454 2917 571 2965 ssnmmam
581 2915 751 2981 compescere,
761 2912 834 2965 atissa

259 2992 363 3049 Crevit3
377 2990 517 3042 &ebrietas
528 2988 588 3055 ignis
601 2989 627 3037 in
640 2989 696 3055 igne
707 2988 764 3037 suit..
943 3003 998 3054 230

222 3065 351 3130 Multaque
362 3080 393 3120 ne
402 3063 512 3121 videam,
523 3060 593 3112 versi
608 3062 704 3111 cervice
716 3061 830 3112 recumbe
842 3078 854 3113 τ

258 3137 516 3191 §edrerocasoculos
524 3136 634 3203 protinus
643 3134 778 3204 ipsameos.

821 3206 846 3255 D
857 3202 886 3269 iii
