2392 3892
256 403 317 515 nu
334 444 452 513 Aura
467 444 662 512 Antanoi
687 444 725 511 L.
751 444 818 514 III.
844 466 921 540 245

208 564 338 617 Munditiis
355 564 485 631 capimur:
501 578 551 612 non
565 561 614 613 sint
630 560 682 611 sine
698 562 753 630 lege
769 564 859 629 capilli.
949 566 953 574 “

243 640 357 689 Admotae
374 637 475 688 formam
496 636 601 701 dantque
620 646 758 701 negantque
776 652 869 688 manus.

209 713 262 763 Nec
274 727 352 779 genus
362 710 460 761 ornatus
471 726 543 759 unum
553 708 586 757 eli
594 724 602 759 :
610 708 675 774 quod
686 724 804 773 quamque
813 708 919 769 decebit,
933 723 981 775 135

244 785 347 853 Eligat3
368 784 394 833 bt
411 783 534 849 speculum
550 782 659 831 consulat
675 793 732 830 ante
750 782 825 831 suum.

211 856 295 925 Longa
311 858 400 924 probat
416 856 490 906 facies
507 854 591 920 capitis
607 854 740 904 discrimina
755 855 831 921 puris

246 931 287 981 Sic
304 943 358 980 erat
372 928 461 979 ornatis
477 926 606 977 Laodamia
623 927 708 978 comis.
779 967 782 977 .

211 1001 331 1071 Exiguum
345 1000 433 1053 summi
448 1002 537 1051 nodum
553 1001 599 1051 sibi
615 1000 696 1050 fronte
711 999 838 1067 relinqui,

245 1078 284 1127 Ut
301 1086 399 1142 pateant
417 1090 506 1133 aures,
524 1091 567 1124 ora
584 1074 689 1125 rotunda
705 1076 802 1127 volunt.
933 1088 984 1137 140

212 1147 321 1199 Alterius
338 1148 417 1198 crines
434 1148 535 1197 humero
550 1145 669 1213 jadlentur
685 1159 800 1214 utroque.
996 1146 1004 1160 '

245 1220 314 1271 Talis
333 1236 360 1271 es
378 1218 494 1278 assumti,
514 1218 605 1270 Phoebe
622 1238 730 1279 canore,
748 1224 810 1289 lyrai.

213 1293 298 1344 altera
315 1291 439 1343 succinilae
456 1294 575 1359 religetur
591 1310 660 1343 more
677 1294 783 1353 Dianam

246 1366 283 1416 Ut
298 1366 381 1423 solet,
398 1365 512 1416 attonitas
529 1362 583 1428 crim
602 1367 665 1430 petit
679 1364 720 1413 illa
736 1366 811 1417 ieras.
917 1426 923 1436 Ι

211 1438 275 1489 Huic
295 1438 368 1489 decet
383 1438 481 1489 inflatos
496 1436 550 1487 laxe
566 1436 663 1503 jacuille
681 1437 801 1502 capillos:
933 1456 964 1502 ¹4
969 1458 981 1503 5

246 1512 292 1562 111a
308 1511 341 1562 sit
355 1511 451 1561 astritlie
467 1512 620 1578 impedienda
637 1510 722 1560 comis.

210 1585 280 1636 Hanc
295 1586 378 1650 placet
392 1585 473 1635 ornari
489 1584 607 1635 testudine
623 1582 764 1652 Cyllenei:

245 1657 365 1708 Sustineat
381 1657 471 1707 similes
486 1658 597 1709 nauibus
613 1659 653 1707 illa
673 1658 750 1709 sinus.
817 1692 819 1695 -

211 1730 260 1780 Sed
276 1747 356 1797 neque
374 1729 469 1781 ramosi
487 1732 622 1781 numerabis
639 1732 664 1780 in
683 1731 740 1781 ilice
756 1731 874 1798 glandes3

245 1804 301 1853 Nec
317 1815 376 1869 quot
391 1820 448 1869 apes
459 1804 560 1870 Hyble,
579 1820 625 1853 nec
642 1818 702 1870 quot
716 1805 740 1854 in
751 1806 813 1870 Alpe
829 1806 908 1861 ferae3
933 1820 982 1869 150

211 1876 265 1925 Nec
280 1876 338 1925 mihi
354 1887 393 1925 tot
406 1876 500 1941 potitus
516 1894 618 1927 numero
633 1878 807 1944 comprendere
824 1878 858 1929 fas
874 1878 927 1930 est:

246 1948 341 2014 Adjicit
356 1962 453 1999 ornatus
469 1951 577 2016 proxima
593 1969 694 2019 quaeque
711 1953 773 2003 dies.

210 2020 242 2071 Et
257 2021 367 2088 negledla
382 2022 453 2072 decet
467 2024 553 2073 multas
572 2041 664 2075 coma:
681 2025 742 2090 sepe
756 2024 837 2089 jacere

244 2092 386 2144 Hesternam
400 2096 509 2153 credas5
527 2096 569 2145 illa
586 2112 675 2159 repexa
693 2095 767 2146 modb
785 2096 828 2146 est.
880 2115 882 2120 ¹

207 2166 256 2217 Ars
273 2168 351 2217 cesum
367 2167 464 2218 simulet
480 2183 488 2217 ε
504 2167 540 2217 sic
557 2168 629 2232 capti
642 2168 704 2218 vidit
720 2169 746 2216 in
759 2169 821 2216 urbe
934 2182 981 2231 155

245 2239 347 2290 Alcides
363 2242 452 2298 lolen,
469 2236 625 2306 Hanc'ego,
642 2240 718 2297 dixit,
736 2256 801 2288 amo.

208 2312 297 2362 Talem
313 2325 339 2363 te
355 2313 484 2371 Bacchus,
501 2313 594 2380 Satyris
611 2313 768 2363 clamantibus
785 2312 867 2370 livor,

246 2385 345 2435 Sustulit
360 2386 386 2435 in
403 2403 505 2443 currus,
524 2386 616 2437 Gnossi
634 2385 735 2444 reflua,
755 2386 819 2435 suos.

206 2456 232 2507 O
246 2456 252 2506 !
267 2470 381 2524 quantum
397 2459 506 2525 indulget
522 2458 602 2510 vestro
619 2460 713 2508 Natura
730 2456 834 2509 decori!

245 2530 355 2594 Quarum
372 2530 426 2581 sunt
441 2532 521 2584 multis
539 2533 623 2583 damna
639 2532 725 2599 pianda
742 2532 832 2583 modis.
933 2530 983 2580 160

205 2603 260 2653 Nos
277 2603 340 2652 male
356 2604 510 2669 detegimur,
529 2608 641 2673 raptique
658 2618 730 2656 aetate
747 2604 849 2671 capilli,

244 2675 282 2723 Ut
299 2673 378 2722 botei
393 2675 493 2724 frondes
510 2679 670 2734 excutiente,
690 2677 788 2726 cadunt.

207 2746 308 2801 Femina
327 2744 439 2794 canitiem
458 2745 586 2799 Germanis
605 2747 681 2797 inficit
698 2748 802 2805 herbis;

245 2820 277 2869 Et
295 2818 382 2868 melior
396 2834 457 2867 vero
475 2818 589 2884 queritur
606 2833 664 2882 arte,
676 2820 756 2870 color.

208 2893 307 2945 Femina
323 2890 434 2957 procedit
451 2890 591 2942 densissima
607 2890 713 2942 crinibus
731 2892 823 2950 emtus
917 2894 980 2961 '165

243 2964 339 3030 Proque
358 2965 403 3015 suis
420 2964 481 3013 alios
499 2962 573 3015 efficit
590 2982 639 3017 aere
656 2965 720 3014 suos.

207 3038 263 3088 Nec
280 3039 354 3088 rubor
370 3038 402 3089 ert
418 3037 498 3088 emisse
514 3040 591 3104 palam
609 3054 616 3090 τ
635 3040 720 3089 venire
737 3033 846 3091 videmus

244 3108 357 3165 Herculis
373 3125 431 3167 ante
451 3112 559 3173 oculos,
578 3112 771 3183 virgineumque
789 3114 899 3165 chomm.

810 3206 830 3256 u
845 3204 870 3271 trj
