2392 3892
229 462 237 473 ’
326 468 399 538 126
450 465 940 536 OVrrnrrAuronunr

352 601 999 674 ι-ι--εεέἷμτ-ε-πι

492 738 744 803 ELEGIA
785 739 864 803 VI.

322 836 385 961 JA
394 914 412 949 u
421 915 431 949 1
440 913 459 950 τ
468 910 486 950 o
494 913 522 949 n·
529 896 544 963 (
551 897 674 967 indiguum
684 900 696 967 )
708 898 767 949 duri
777 899 879 967 religate
889 900 977 952 careni
988 936 999 963 ,

358 971 490 1023 Difficilem
505 985 573 1023 moto
591 974 688 1023 cardine
704 975 781 1041 pande
798 974 887 1025 forem.

324 1044 399 1111 Quod
415 1063 503 1112 precor
518 1046 631 1114 exiguum
648 1046 681 1096 est
696 1062 705 1096 t
720 1047 786 1097 aditu
801 1046 840 1097 foc
853 1045 927 1113 janua
940 1064 1018 1115 parvo

359 1119 491 1186 Obliquum
506 1120 584 1184 capiat
601 1118 782 1186 semi-adaperta
796 1120 868 1171 latus.

298 1205 311 1252 5
323 1191 421 1259 Longus
434 1191 512 1242 Amor
527 1193 590 1241 tales
607 1207 695 1258 corpus
711 1193 818 1243 tenuavit
833 1193 859 1242 in
873 1194 950 1253 usus,

357 1264 488 1331 Aptaque,
506 1265 622 1315 subdudio
638 1266 767 1331 pondere,
783 1268 890 1316 membra
907 1266 989 1322 dedit.

321 1336 367 1387 llle
385 1354 429 1403 per
446 1339 559 1389 excubias
577 1338 700 1390 custodum
716 1340 803 1390 leniter
818 1339 854 1389 ire

359 1410 478 1461 Monstrat
496 1428 503 1462 ε
519 1410 650 1462 inoffensos
662 1412 747 1479 dirigit
762 1412 804 1461 ille
819 1412 907 1477 pedes.

322 1482 356 1532 At
373 1486 493 1550 quondam
503 1486 598 1536 nostem
612 1485 788 1551 simulacraque
805 1501 867 1535 uana
882 1486 1017 1538 timebam:

212 1614 214 1619 Ι
282 1568 313 1603 ιο
359 1558 486 1617 Mirabar,
504 1558 613 1609 tenebris
628 1558 649 1608 si
664 1558 716 1624 quis
732 1557 809 1607 iturus
825 1569 887 1608 erat.

323 1629 405 1689 Risit,
422 1644 450 1680 ut
465 1632 590 1692 audirem,
609 1631 694 1681 teneri
711 1648 764 1681 cum
779 1630 862 1681 Matre
879 1631 997 1699 Cupido:

313 1731 316 1736 -
359 1703 391 1752 Et
409 1703 517 1764 leviter,
534 1705 588 1756 bier
604 1717 632 1754 tu
649 1720 746 1770 quoque
765 1704 854 1763 fortis,
873 1705 916 1756 ait.
961 1719 965 1724 ·

320 1775 376 1825 Nec
387 1794 469 1835 mora,
481 1779 549 1829 venit
560 1795 637 1828 amor.
648 1778 707 1827 Non
717 1778 812 1827 umbras
822 1777 894 1828 node
905 1782 1032 1837 volantes,

360 1850 417 1899 Non
433 1850 507 1900 timeo
524 1851 612 1901 striilas
629 1852 653 1900 in
670 1867 724 1900 mea
739 1850 789 1900 iata
805 1867 898 1902 manus.

281 1922 361 1980 15Te
376 1919 472 1971 nimium
488 1924 580 1973 lentum
596 1924 693 1981 timeo,
710 1923 757 1973 tibi
769 1923 880 1974 blandior
894 1925 956 1975 uni:

358 1994 418 2053 Tu,
433 2012 471 2045 me
489 2013 537 2061 quo
551 1997 631 2062 possis
644 1996 769 2063 perdere,
788 1996 879 2046 fulmen
893 1998 981 2048 babes.

322 2066 426 2132 Aspice,
441 2065 452 2133 (
464 2068 489 2119 bt
496 2102 504 2128 ,
516 2082 543 2119 ut
554 2070 652 2129 uideas,
665 2069 764 2120 immitia
775 2068 875 2119 claustra
884 2071 1005 2139 relaxa‘,)

360 2142 416 2191 Uda
430 2142 461 2191 sit
476 2156 503 2193 ut
518 2144 631 2212 lacrymis
646 2142 718 2208 janua
732 2142 793 2193 fau:
807 2142 877 2193 meis.

324 2212 400 2266 Certe
417 2232 482 2283 ego,
501 2214 555 2267 crim
570 2216 651 2284 positi
665 2217 738 2266 stares
751 2215 781 2265 ad
794 2218 896 2265 verbera
911 2216 997 2275 velie,

278 2300 311 2332 20
358 2289 397 2356 Ad
414 2290 531 2339 dominam
547 2308 593 2356 pro
608 2303 633 2341 te
646 2291 721 2340 verba
733 2300 854 2338 tremente
869 2289 923 2337 tuli.

321 2360 387 2427 Ergo
398 2394 406 2419 ,
422 2380 474 2428 quae
485 2363 560 2413 valuit
570 2380 617 2429 pro
628 2375 653 2413 te
664 2376 760 2428 quoque
771 2359 845 2426 gratia
856 2362 996 2424 quondam,

359 2430 369 2496 (
382 2434 438 2483 Heu
449 2434 541 2486 facinus
555 2437 561 2485 l
574 2438 586 2505 )
598 2453 644 2503 pro
652 2450 691 2483 me
701 2448 764 2482 nunc
774 2432 841 2480 valet
850 2430 891 2481 illa
901 2451 984 2499 parum
996 2434 1006 2483 ἓ

320 2503 405 2555 Redde
416 2508 493 2559 vicem
505 2510 595 2560 meritis
605 2519 692 2574 :grato
703 2506 762 2555 licet
772 2503 834 2564 else,
846 2506 913 2572 quod
924 2506 993 2575 optas
1006 2525 1014 2558 ι

357 2578 481 2647 Tempora
496 2582 571 2633 nodis
586 2592 646 2631 eunt
661 2595 668 2629 ε
685 2589 774 2629 excute
788 2577 856 2644 poste
873 2579 960 2633 seram.

277 2660 310 2710 25
323 2650 417 2703 Excute
435 2670 443 2705 e
459 2656 494 2706 sic
507 2671 618 2721 umquam
630 2650 703 2720 longi
720 2652 834 2702 relevere
850 2654 956 2713 catoni,

358 2727 411 2776 Nec
428 2728 470 2780 tibi
484 2724 604 2796 perpetub
620 2726 689 2776 serva
704 2727 801 2776 bibatur
816 2743 888 2793 aqua.

288 2829 293 2839 ι
309 2798 425 2850 ·'Ferreus
440 2800 742 2869 orantem’nequicquam,
758 2798 867 2867 janitor,
884 2798 972 2854 audisa

357 2871 494 2925 Roboribus
512 2875 576 2926 duris
593 2874 666 2942 janua
681 2874 742 2927 fulta
758 2874 833 2941 riget.

322 2943 429 2996 Urbibus
446 2948 549 2999 obsessis
565 2949 650 3012 clausae
667 2948 794 2999 munimina
811 2956 889 3011 portae

280 3022 312 3075 30
358 3015 455 3068 Prosint
470 3032 477 3067 t
494 3019 519 3068 in
536 3022 614 3071 media
630 3037 691 3087 pace
707 3019 764 3085 quid
777 3034 841 3066 arma
859 3015 955 3068 times?

322 3086 389 3151 Quid
404 3090 477 3139 facias
494 3092 573 3151 hosti,
593 3094 634 3159 qui
649 3093 684 3143 sic
700 3090 807 3141 excludis
827 3089 971 3140 amantem?

357 3161 479 3230 Tempora
496 3164 572 3214 nouis
589 3176 650 3215 eunt
667 3180 675 3214 t
693 3175 782 3214 excute
799 3161 865 3228 poste
884 3164 970 3215 seram.
