2392 3892
143 287 158 330 ῥ’
248 335 454 407 m'Anre
479 331 668 403 Antanoi
696 336 735 402 L.
759 338 810 405 ΙΙ.
836 359 882 432 23
891 359 910 430 3

210 449 264 506 Hac
277 471 328 523 ego
345 452 400 506 etim
417 467 548 509 canerem,
567 450 645 501 subitd
663 451 798 503 manifestus
813 454 905 521 Apollo

239 529 321 578 Movit
335 528 451 577 inauratae
467 526 557 590 pollice
571 523 611 572 fila
628 526 697 590 lyrae.

209 597 358 655 inmanibus
376 600 456 648 laurus
473 613 481 646 :
500 597 570 646 sacris
586 597 681 646 indutla
701 598 792 663 capillis
921 615 973 665 495

239 672 330 724 laurus
346 683 401 722 erat
420 684 511 721 :vates
528 671 570 719 ille
586 670 704 720 videndus
720 672 779 738 agit.

158 765 163 774 ·
208 744 231 795 ls
243 746 318 805 mihi,
336 742 450 800 Lascivi,
467 744 547 801 dixit,
564 757 700 809 praeceptor
717 745 833 803 AmorIs,

239 819 313 877 Duc,
332 835 396 885 age,
414 817 542 881 discipulos
558 817 587 865 ad
604 834 658 865 mea
672 820 761 883 templa
779 829 845 869 tuos.

157 931 162 936 .
209 887 243 940 El
256 892 289 941 ibi
308 890 427 940 diversum
441 889 504 939 fama
521 891 643 940 celebrata
660 908 703 955 per
720 892 803 940 orbern

238 964 340 1030 bitem
358 962 472 1029 cognosci
488 980 541 1028 quae
558 962 604 1011 sibi
619 980 737 1030 quemque
751 962 831 1031 jubet.
926 979 976 1027 500

156 1039 161 1080 '-
208 1033 312 1098 Quiriti
328 1048 402 1085 notus
417 1035 482 1093 etit,
500 1036 563 1084 solus
578 1036 696 1101 sapienter
712 1038 800 1088 amabit
814 1055 823 1097 ;

238 1109 322 1175 Atque
340 1125 400 1173 opus
416 1108 446 1156 ad
464 1108 527 1158 vires
545 1109 626 1174 exiget
642 1127 712 1159 omne
729 1111 793 1162 suas.

207 1178 249 1230 eui
265 1181 353 1232 faciem
368 1194 450 1230 natura
468 1182 553 1237 dedit,
573 1181 692 1245 spec‘letur
707 1185 736 1231 ab
751 1186 812 1234 illa:

239 1254 284 1303 Cui
302 1256 373 1304 color
389 1252 442 1309 est,
461 1254 562 1303 humero
580 1253 642 1316 saepe
657 1266 755 1315 patente
775 1257 858 1305 cubet.

207 1324 252 1391 Qui
266 1327 378 1378 sermone
395 1326 493 1391 placet,
508 1326 626 1374 taciturna
642 1325 736 1375 silentia
751 1341 863 1392 rumpat:
923 1343 971 1392 505

238 1398 288 1463 Qui
306 1399 372 1449 canit
388 1410 459 1456 arte,
476 1411 547 1448 canat
562 1414 569 1447 :
587 1399 627 1463 qui
645 1398 704 1446 bibit
719 1412 790 1457 arte,
807 1402 882 1450 bibat.

205 1470 249 1523 Sed
265 1488 347 1537 neque
366 1471 503 1521 declament
518 1472 598 1519 medio
615 1471 724 1520 sermone
741 1472 841 1528 diserti:

236 1547 291 1595 Nec
308 1544 349 1593 sua
364 1561 414 1593 non
429 1543 528 1593 vesanus
545 1544 630 1609 scripta
647 1546 720 1608 poe'ta
737 1546 813 1613 legat.

202 1617 239 1667 Sic
255 1615 352 1666 monuit
367 1616 471 1666 Phoebus
488 1632 495 1665 :
513 1615 606 1665 Phoebo
622 1631 706 1681 parete
723 1618 841 1669 monenti.

237 1690 314 1740 Certa
330 1689 380 1738 Dei
393 1689 461 1738 sacro
476 1689 508 1737 est
523 1688 593 1752 hujus
609 1690 632 1738 in
647 1706 691 1738 ore
704 1689 774 1741 fides.
922 1707 972 1755 510

200 1762 239 1812 Ad
253 1762 369 1828 propiora
384 1778 471 1812 vocor.
489 1761 604 1828 Quisquis
622 1762 741 1828 sapienter
756 1766 862 1824 amabit,

235 1837 329 1887 Vincet
342 1852 356 1893 ς.
369 1835 395 1885 &
411 1852 424 1884 e
438 1834 536 1894 nostra,
553 1837 618 1901 quod
632 1848 719 1901 petet,
736 1851 789 1889 arte
802 1841 876 1889 seret.

200 1908 300 1959 Credita
313 1924 360 1957 nec
374 1908 466 1974 semper
480 1909 538 1957 sulci
554 1926 608 1957 cum
625 1910 710 1962 fenore
725 1913 848 1963 reddunt:

234 1984 290 2031 Nec
306 1981 399 2047 semper
413 1981 495 2030 dubias
512 1980 609 2044 adjuvat
626 1998 683 2029 aura
699 1994 774 2031 rates.

197 2052 276 2117 Quod
283 2053 487 2121 juvat,exiguum
495 2070 503 2110 ;
511 2054 565 2116 plus
574 2051 607 2100 est
616 2054 696 2115 ,quod
706 2054 770 2103 laedit
778 2068 897 2105 amantes.
918 2070 929 2117 5
938 2070 947 2104 1
954 2070 966 2117 5
1027 2090 1031 2098 ι

235 2126 375 2193 Proponant
390 2128 471 2175 animo
487 2126 561 2172 multa
578 2124 677 2172 serenda
695 2124 745 2173 suo.

197 2197 270 2263 Quot
281 2202 377 2265 lepores
387 2201 411 2249 in
421 2199 489 2247 Atho
500 2232 507 2255 ,
524 2209 583 2262 quot
594 2212 651 2260 apes
662 2196 789 2260 pascuntur
799 2198 823 2247 in
834 2198 914 2266 Hybla
925 2233 933 2258 ,

237 2272 331 2322 Caerula
347 2285 408 2339 quot
421 2273 507 2320 baccas
524 2269 635 2319 Pallados
652 2270 723 2332 arbor
738 2271 832 2330 habet;

197 2343 283 2395 Litore
300 2357 360 2410 quot
377 2345 496 2402 conchae3
514 2354 554 2392 tot
567 2342 621 2391 sunt
635 2341 659 2389 in
674 2359 763 2418 amore⁴
772 2345 888 2395 dolores:

236 2416 300 2480 Quae
315 2418 438 2481 patimur,
453 2419 530 2467 multo
546 2415 635 2481 spicula
652 2416 709 2465 felle
725 2418 830 2468 madent.
918 2433 969 2481 520

196 2489 271 2542 Dicta
288 2490 334 2539 erit
349 2490 389 2540 isse
405 2491 488 2549 foras,
505 2506 574 2555 quam
590 2500 617 2538 tu
635 2488 731 2541 fortasse
747 2493 860 2543 videbist

234 2561 279 2611 isse
296 2562 381 2619 foras,
401 2563 427 2612 δι
443 2575 470 2612 te
485 2563 541 2612 salsa
557 2561 659 2619 videre,
679 2575 746 2628 puta.

197 2634 286 2684 clausa
301 2632 345 2684 tibi
360 2633 432 2682 suerit
446 2634 559 2699 promissit
573 2633 645 2700 janua
661 2635 750 2684 noste:

234 2705 337 2761 Perfer,
357 2704 382 2754 ὅ(
397 2704 514 2759 immundi
528 2724 622 2773 ponere
637 2723 724 2771 corpus
740 2708 824 2760 humo.

197 2778 310 2829 Forsitan
327 2778 353 2829 ὅ(
369 2778 438 2828 vultu
454 2780 554 2829 mendax
573 2780 659 2829 ancilla
676 2780 778 2843 superbo
917 2796 966 2846 525

235 2851 330 2911 Dicet,
351 2849 417 2913 Quid
433 2850 521 2901 nostras
537 2853 632 2902 obsidet
648 2851 689 2900 iste
705 2849 794 2901 sores?

196 2922 308 2976 Possibus
325 2924 351 2973 ὃ(
367 2924 432 2974 durae
448 2924 546 2990 supplex
563 2924 670 2974 blandire
686 2926 797 2988 puellae3

233 2993 268 3046 Et
285 2996 357 3063 capiti
364 2997 461 3052 demtas
475 2998 500 3049 in
515 2997 569 3049 sore
583 3012 648 3064 pone
664 2994 741 3053 rosas,
