2392 3892
278 452 354 547 256
404 450 615 521 Orrnrr
641 448 894 522 NAsorrrs

251 574 305 623 Vos
316 587 413 638 quoque
422 604 430 628 ,
440 571 472 619 de
480 571 550 619 nobis
560 585 631 635 quem
640 570 742 635 quisque
751 570 783 619 sit
791 582 862 636 aptus
871 572 900 621 ad
908 572 981 633 usum,

215 657 267 709 530
313 645 449 710 Inspicite:
467 644 493 693 ὅ(
511 656 579 693 cerro
595 642 679 707 ponite
695 654 816 708 quemque
831 646 900 695 loco.

277 718 383 769 Munera
394 717 436 766 det
447 716 514 766 dives
530 732 539 765 t
554 716 592 781 jus
603 716 645 780 qui
654 714 826 779 profitebitur,
844 718 908 768 adsit
919 735 928 769 t

313 790 438 841 Facundus
454 789 546 839 causam
562 788 625 854 saepe
642 788 736 837 clientis
753 801 819 855 agat.

275 864 387 915 Carmina
402 864 443 928 qui
458 863 576 919 iacimus,
591 862 713 912 mittamus
728 862 832 910 carmina
847 862 969 917 tannimr'
985 914 995 935 ,

217 946 221 953 '
314 936 363 987 Hic
378 938 466 987 chorus
483 947 539 984 ante
555 934 615 984 aiios
632 947 702 999 aptus
718 950 797 983 amare
815 934 904 987 furnus.

216 1020 246 1072 53
254 1023 265 1070 5
277 1010 333 1059 Nos
349 1009 448 1059 facimus
462 1010 559 1073 placita
578 1005 625 1056 lari
640 1007 761 1073 praeconia
779 1007 873 1059 formae.

313 1085 410 1132 Nomen
425 1082 497 1131 habet
512 1080 623 1129 Nemesis
640 1095 647 1129 τ
663 1079 769 1145 Cynthia
784 1097 875 1131 nomen
889 1083 970 1135 habet.

275 1156 371 1220 Vesper
389 1156 414 1206 &
429 1154 488 1203 ane
503 1168 596 1201 novere
614 1152 735 1218 Lycorida
751 1165 843 1203 terre:

312 1228 346 1278 Et
358 1227 446 1284 multi,
467 1242 520 1291 quae
535 1226 566 1275 sit
580 1224 658 1273 nostra
675 1224 801 1285 Corinna,
818 1238 917 1294 rogant.

277 1300 367 1358 Adde,
387 1300 453 1365 quod
471 1297 563 1347 insidia:
579 1296 650 1347 sacris
665 1314 680 1345 a
695 1299 789 1348 vatibus
805 1300 913 1351 absunt:

218 1384 269 1434 540
315 1372 346 1422 Et
360 1373 419 1423 facit
435 1372 465 1421 ad
480 1387 561 1421 mores
575 1387 614 1421 ars
630 1386 727 1435 quoque
743 1370 821 1421 nostra
837 1372 904 1424 suos.

279 1447 333 1496 Nec
350 1462 395 1495 nos
412 1446 531 1503 ambitio,
552 1460 597 1493 nec
615 1459 682 1493 arnor
697 1459 742 1493 nos
756 1445 834 1510 tangit
850 1445 973 1499 habendi?

316 1518 449 1568 Contemto
466 1519 555 1568 colitur
570 1516 650 1566 lenus
662 1516 688 1566 δι
703 1518 786 1567 umbra
803 1518 871 1568 foro.

279 1592 328 1642 Sed
344 1590 415 1641 facile
428 1592 569 1649 heremus,
584 1589 715 1655 validoque
728 1590 864 1654 perurimur
877 1590 955 1653 estur

316 1664 347 1713 Et
363 1662 460 1714 nimidm
475 1662 543 1713 cerni
560 1662 644 1712 scimus
660 1678 739 1711 amare
756 1661 813 1711 fide.

219 1744 267 1795 545
279 1737 380 1787 Scilicet
396 1736 517 1804 ingenium
533 1736 627 1802 placidi
642 1735 763 1785 mollimur
779 1736 809 1785 ab
825 1748 901 1793 arte:

315 1808 346 1858 Er
362 1808 439 1859 studio
456 1825 536 1858 mores
554 1809 730 1858 convenienter
746 1820 814 1858 eunt.

278 1881 381 1935 Vatibus
399 1881 484 1931 Aoniis
500 1881 587 1930 faciles
600 1880 696 1938 estote,
714 1882 812 1946 puellm.

318 1955 414 2002 Numen
430 1952 489 2002 inest
505 1951 573 2010 illis,
591 1951 747 2018 Pi'e'ridesque
764 1953 859 2005 favent.

224 2025 227 2032 “
280 2024 319 2076 Est
334 2026 404 2076 Deus
420 2026 448 2074 iu
460 2025 549 2083 nobis;
568 2025 594 2075 &
611 2024 665 2074 sunt
680 2026 825 2077 commercia
843 2028 924 2081 celia

221 2110 233 2158 5
239 2109 272 2156 50
318 2098 421 2149 Sedibus
436 2098 540 2149 aetheriis
558 2098 652 2163 spiritus
668 2098 709 2149 iile
726 2100 807 2150 venit.

281 2172 303 2222 A
322 2172 396 2222 douis
414 2172 516 2238 pretium
535 2171 617 2221 scelus.
629 2170 662 2220 est
677 2171 771 2238 sperare
785 2172 877 2238 po'e'tis.

317 2245 361 2294 Me
378 2243 510 2298 miserum!
529 2243 607 2294 scelus
623 2246 670 2294 hoc
687 2246 752 2295 uuila
769 2246 849 2312 puelia
865 2247 945 2298 timet.

279 2317 437 2367 Dissimulate
454 2331 554 2375 tamen,
571 2334 617 2367 nec
634 2317 710 2382 primd
725 2318 806 2368 fronte
820 2336 920 2385 rapaces

316 2390 370 2439 Este
386 2406 393 2441 z
410 2407 505 2448 novus,
521 2390 573 2440 v'iso
591 2390 650 2439 casse
663 2423 670 2448 ‚
684 2390 777 2440 resistet
792 2406 882 2442 amans.

220 2471 234 2520 3
239 2472 269 2521 55
281 2463 330 2511 Sed
341 2478 419 2528 neque
430 2462 514 2511 vedior
525 2480 611 2528 equum
622 2495 629 2520 ,
645 2463 685 2528 qui
695 2479 771 2528 nuper
781 2463 855 2514 sensit
867 2466 992 2525 habenas,

318 2533 477 2597 Comparibus
493 2534 566 2582 frenis
577 2567 593 2590 „
604 2533 768 2599 artificemque
783 2550 864 2601 reget.
964 2552 967 2557 ·

199 2643 206 2657 .
281 2607 335 2660 Nec
350 2606 443 2656 stabiles
457 2606 524 2655 annis
539 2606 651 2664 animos,
667 2606 815 2673 viridemque
831 2608 956 2675 juventam

316 2680 351 2729 Ur
367 2680 466 2745 capias,
483 2680 547 2728 idem
562 2680 631 2730 limes
647 2680 754 2748 agendus
771 2681 827 2730 erit.

280 2752 327 2803 Hic
345 2754 428 2811 rudis,
445 2753 470 2803 δι
485 2753 564 2803 castris
579 2770 642 2803 nunc
657 2751 759 2821 primirm
774 2768 847 2804 notus
856 2755 973 2815 Amoris,

218 2820 271 2887 560
317 2825 368 2889 Qui
384 2826 465 2893 tetigit
480 2828 615 2885 thalamos,
634 2827 714 2894 praeda
729 2829 847 2884 novella,
865 2841 944 2887 tuos;

279 2898 317 2947 Te
335 2900 406 2948 solam
421 2899 508 2958 norit3
524 2901 568 2949 tibi
583 2902 676 2967 semper
690 2900 807 2951 inherent
820 2899 861 2948 uni
872 2914 885 2948 a>

317 2971 441 3039 Cingenda
450 2972 489 3023 ,est
503 2973 558 3023 altis
573 2974 667 3038 sepibus
681 2973 721 3022 ista
738 2974 814 3039 seges.
892 3021 898 3026 .

278 3042 365 3109 Effuge
380 3044 482 3095 rivalem
496 3062 503 3095 r
518 3046 622 3104 vinces,
640 3047 696 3095 dum
710 3046 759 3095 sola
775 3042 881 3094 tenebis.

316 3116 339 3165 N
343 3132 378 3167 ou
391 3118 455 3168 beur
471 3134 525 3170 cum
539 3119 611 3171 sociis
627 3134 702 3185 regna
715 3118 852 3185 Venusque
865 3130 977 3175 manent·
