2392 3892
374 469 426 539 90
475 449 514 513 P.
543 447 728 514 Or‘rnrr
756 447 984 517 Nasonis

382 568 471 623 Unus,
490 565 516 615 &
532 566 569 614 hic
585 566 681 623 audax,
701 583 715 613 a
732 583 780 630 quo
795 567 840 615 tibi
856 566 927 616 litera
940 566 1019 616 nostra

341 656 371 688 ro
417 639 556 699 Redditur,
572 655 585 687 e
602 650 675 703 portu
692 640 772 688 navita
788 639 865 689 movit
881 639 939 688 iter.

382 711 531 780 Ascensurps
544 728 628 770 eram;
642 712 688 761 uisi
700 713 785 777 quod,
800 710 854 761 clun
867 712 965 761 vincula
978 728 1055 777 prorae

418 786 552 843 Solveret,
569 787 594 835 in
612 785 714 852 speculis
729 785 805 835 omnis
820 785 923 851 Abydos
938 798 1001 835 erat.

384 860 441 909 Non
456 872 566 925 poteram
582 861 662 908 celare
676 875 765 917 meos,
782 858 851 908 velut
863 870 941 915 ante,
959 869 1064 924 parentes

421 933 552 999 Quemque
566 932 619 999 tegi
636 933 768 990 volumus,
785 949 836 981 non
852 930 957 981 latuiss'et
974 948 1048 980 amor.

343 1021 372 1068 15
386 1006 499 1056 Protinus
518 1008 570 1055 haec
588 1005 712 1063 scribens,
730 1005 816 1062 Felix,
833 1005 861 1062 i,
878 1005 969 1063 litera,
987 1005 1054 1055 dixit

422 1079 475 1130 Jam
489 1079 532 1129 tibi
549 1079 677 1128 formosam
693 1078 801 1144 porriget
816 1078 856 1125 illa
875 1094 981 1128 manum.

386 1154 496 1204 Forsitan
513 1150 615 1199 admotis
631 1150 733 1199 dominae
750 1150 850 1215 tangere
867 1152 960 1201 labellis
977 1185 985 1210 ,

422 1224 543 1289 Rumpere
558 1223 614 1272 dum
632 1223 705 1273 niveo
720 1224 817 1273 vincula
834 1223 908 1275 dente
922 1225 1003 1275 volet.

386 1298 486 1348 Talibus
504 1297 593 1365 exiguo
608 1297 676 1347 dietis
691 1298 749 1347 mihi
764 1314 884 1348 murmure
900 1298 982 1347 verbis
997 1332 1006 1355 ‚

343 1386 377 1419 20
425 1372 516 1421 Cetera
533 1389 586 1422 cum
602 1372 686 1420 charta
704 1371 790 1422 dextra
804 1372 888 1420 locuta
902 1387 957 1421 mea
973 1370 1016 1421 est.

387 1446 422 1495 At
437 1457 528 1511 quanto
543 1446 656 1503 mallem,
673 1448 744 1511 quarn
760 1444 894 1503 scriberet,
909 1444 955 1497 illa,
964 1458 1056 1495 nataret

425 1518 518 1585 Meque
532 1535 577 1585 per
592 1518 692 1568 affictas
710 1517 790 1567 sedule
804 1517 880 1567 ferret
895 1517 989 1583 aquas!
1048 1513 1052 1518 ’

389 1590 478 1657 Aptior
495 1593 536 1641 illa
552 1592 651 1657 quidem
665 1591 761 1657 placido
779 1590 835 1639 dare
852 1591 956 1639 verbera
972 1603 1064 1657 ponto:

426 1664 465 1713 Est
483 1677 563 1714 tamen
582 1667 608 1715 ὅ(
626 1665 708 1714 sensile
724 1677 780 1730 apta
798 1663 899 1713 minillra
915 1663 973 1713 rnei.

285 1790 292 1802 s
347 1750 378 1797 25
391 1737 497 1803 Septima
508 1751 558 1786 nox
568 1738 665 1805 agitur,
683 1737 782 1803 spatium
796 1736 854 1786 milri
867 1736 962 1804 longius
980 1753 1064 1793 anno,

427 1810 552 1860 Solicitrun
568 1812 648 1860 raucis
665 1824 693 1860 ut
710 1828 775 1861 mare
791 1811 871 1860 fervet
888 1810 965 1875 aquis.

391 1882 437 1932 His
453 1900 500 1949 ego
515 1882 535 1932 si
552 1884 602 1933 vidi
618 1885 763 1933 mulcentem
780 1883 877 1949 pellora
894 1883 1003 1934 somnum

428 1956 561 2014 Nodibus,
577 1954 652 2005 insani
666 1956 698 2005 sit
711 1972 779 2005 mora
791 1957 864 2023 longa
880 1957 945 2006 freti.

391 2028 461 2093 Rupe
476 2027 561 2079 sedens
576 2028 675 2095 aliqud,
693 2028 774 2094 specto
790 2040 832 2079 tua
846 2029 918 2079 litora
933 2027 1024 2079 tristis-t

349 2095 381 2163 30'
427 2100 458 2151 Et
475 2118 523 2169 quo
539 2118 587 2151 non
605 2101 697 2167 poffurn
716 2118 837 2167 corpore,
857 2113 939 2153 mente
953 2100 1031 2155 feror.

393 2174 492 2224 Lumina
508 2175 565 2241 quin
580 2177 653 2226 etiam
667 2175 754 2225 summi
769 2176 893 2243 vigilantia
908 2187 976 2224 turre

430 2248 481 2297 Aut
495 2248 583 2305 videt,
603 2262 644 2299 aut
659 2249 723 2300 acies
739 2248 817 2299 nostra
832 2248 916 2298 videre
933 2259 1014 2311 putat.

394 2320 445 2368 Ter
462 2322 522 2371 mihi
536 2321 647 2386 deposita
664 2323 736 2373 estin
752 2323 816 2371 sicca
831 2319 901 2369 vestis
917 2318 1015 2370 arenit

430 2394 481 2441 Ter
496 2388 570 2461 g'tave
588 2395 682 2445 tentavi
700 2409 799 2459 carpere
816 2391 893 2440 nudus
908 2390 964 2438 iter.

352 2480 382 2531 35
397 2465 494 2516 Obstitit
510 2467 613 2532 inceptis
631 2467 747 2517 tumidum
763 2462 908 2528 juvenilibus
922 2479 1030 2527 aequor,

432 2538 562 2590 Mersit&
578 2540 685 2589 adversis
702 2554 745 2587 ora
759 2536 861 2585 natantis
878 2535 955 2600 aquis.

395 2612 430 2663 At
444 2625 489 2671 tu,
509 2612 539 2662 de
555 2614 643 2678 rapidis
657 2609 876 2661 immansuetisrime
893 2610 973 2659 ventis
987 2642 997 2667 ,

433 2684 499 2749 Quid
513 2702 608 2754 mecum
624 2683 692 2735 certi
705 2682 791 2749 proelia
806 2693 888 2732 mente
905 2682 995 2749 geris?

397 2759 425 2808 ln
442 2776 500 2818 me,
519 2760 540 2811 si
556 2758 652 2816 nescis,
667 2757 765 2815 Borea,
780 2773 830 2807 non
845 2772 963 2822 aequora,
979 2751 1064 2806 saevisl

253 2874 257 2882 .
352 2846 387 2893 40
435 2831 501 2894 Quid
517 2834 612 2887 faceres
624 2866 639 2892 ,Α
651 2831 710 2883 effer
724 2832 749 2881 ni
763 2831 806 2881 tibi
821 2842 893 2880 notus
908 2828 999 2879 arnor?

396 2903 457 2952 Tam
468 2905 561 2971 gelidus
571 2902 625 2956 crim
635 2906 729 2965 rinnon
738 2917 764 2954 te
774 2902 1064 2969 tamcn‚improbe,quonr'

434 2978 532 3042 Ignibus
546 2977 633 3028 lluaeis
650 2977 770 3028 incaluifl'e
788 2993 871 3043 negas.

399 3048 607 3114 Gandiasapturo
623 3051 643 3099 si
658 3052 712 3117 quis
725 3050 769 3099 tibi
783 3049 896 3097 claudere
910 3048 988 3099 vellet

434 3119 523 3172 Adrion
537 3124 635 3182 aditur,
651 3139 701 3189 quo
716 3134 828 3188 paterere
844 3120 943 3190 modo?
