2392 3892
316 497 598 588 Henornns.
625 497 699 564 Er.
725 499 827 569 XII.
876 517 925 593 51

218 616 276 671 Isset
286 620 413 669 anhelatos
423 634 471 677 non
481 613 663 683 praemedicatus
671 614 695 663 in
704 615 772 682 ignes
939 630 971 681 15

257 692 387 742 Immemor
395 690 538 746 AEsonides‚
549 705 640 754 oraque
651 689 743 736 adunca
753 690 838 745 boum.

220 764 316 814 Semina
325 763 433 830 meister,
444 764 547 814 totidem
553 760 663 810 iensiffer
674 762 700 810 δι
709 760 787 812 hostes
798 778 809 819 ;

256 837 292 885 Ut
303 838 400 886 caderet
411 838 478 885 cultu
488 837 569 885 cultor
577 835 607 882 ab
616 834 664 900 ipse
677 833 729 885 suo.

218 908 345 973 Quantum
354 908 462 976 perfidiae
470 920 566 965 tecum,
575 905 694 955 scelerate
705 904 817 972 ,petiiset
828 903 836 957 i

254 982 348 1031 Demta
362 982 444 1030 forent
457 978 529 1045 capiti
542 980 612 1043 quim
621 979 682 1027 mala
693 982 766 1029 multa
778 977 851 1027 meo!
936 995 971 1032 20

215 1053 256 1104 Est
265 1056 347 1119 aliqua
356 1054 452 1119 ingrato
462 1052 571 1102 meritum
583 1053 730 1117 exprobrare
739 1054 864 1117 voluptas.

200 1162 205 1167 -
256 1127 315 1175 Hac
323 1126 405 1177 fruar:
417 1126 467 1176 haec
478 1125 509 1175 de
519 1136 544 1175 tc
553 1125 637 1191 gaudia
647 1125 695 1174 sola
705 1126 789 1176 feram.

214 1200 231 1254 J
233 1198 297 1249 nisus
305 1198 453 1265 inexpertam
462 1197 569 1250 Colchos
578 1198 705 1251 advertere
718 1200 834 1268 puppim,

252 1270 348 1323 Intrasti
357 1272 440 1339 patriae
448 1275 522 1341 regna
530 1273 602 1323 beata
609 1289 679 1323 meae.

217 1345 274 1396 Hoc
284 1346 334 1395 illic
344 1346 435 1396 Media
445 1346 480 1395 fui
489 1378 498 1403 ‚
507 1362 572 1394 nova
581 1358 655 1409 nupta
667 1347 731 1410 quod
738 1345 779 1397 hic
789 1348 823 1401 est
833 1365 844 1403 t
932 1360 950 1400 2
955 1360 968 1411 5

213 1448 217 1457 ·
250 1420 332 1483 Qnim
341 1431 411 1485 pater
421 1417 455 1468 est
463 1418 499 1468 ilii
509 1451 516 1477 ,
528 1430 576 1467 tam
585 1416 642 1466 mibi
656 1417 723 1467 dives
736 1432 798 1470 erat.

214 1492 260 1543 Hic
270 1493 389 1560 Ephyren
397 1491 510 1541 bimarem
521 1490 637 1558 ‚Scythia
646 1503 715 1541 tenus
728 1491 769 1543 ilie
778 1492 863 1546 nivosi
899 1515 905 1526 ·

249 1566 333 1617 Omne
343 1576 427 1623 tenet,
440 1563 512 1615 Ponti
522 1567 568 1631 qui
579 1566 649 1631 plaga
657 1565 719 1613 laeva
726 1563 801 1627 jacet.

213 1638 309 1705 Accipit
317 1637 423 1704 hospitio
431 1636 534 1704 juvenes
546 1648 617 1703 pater
624 1634 683 1687 AEta
694 1636 823 1707 PelasgoS.

247 1713 279 1763 Et
288 1712 398 1779 premitis
406 1711 483 1777 pieros
492 1727 594 1777 corpora
607 1708 684 1776 Graja
692 1723 772 1762 toros.
855 1726 857 1729 ·
933 1723 990 1777 3ο,

213 1784 282 1835 Tunc
293 1801 343 1852 ego
352 1795 378 1835 te
388 1780 436 1835 ridi
446 1799 453 1835 ε
463 1796 521 1834 tunc
532 1784 596 1850 coepi
606 1783 665 1834 scire
675 1784 732 1850 quid
741 1785 801 1838 effes
811 1802 821 1840 t

247 1860 291 1908 llla
301 1857 347 1908 fuit
356 1858 442 1909 mentis
451 1858 526 1923 prima
534 1858 603 1908 ruina
613 1872 683 1907 meae.

214 1930 248 1981 Ut
258 1931 307 1980 vidi
317 1965 326 1989 ,
338 1944 366 1981 ut
376 1932 436 1998 perii
445 1948 453 1989 3
464 1948 510 1981 nec
522 1931 586 1981 notis
594 1931 689 1997 ignibus
698 1930 744 1981 arsi
753 1966 763 1993 ,

247 2003 325 2053 Ardet
336 2016 363 2055 ut
371 2005 400 2054 ad
410 2021 509 2073 magnos
519 2005 589 2070 pinea
596 2003 660 2053 teda
670 2005 751 2057 Deos.

214 2076 242 2127 Et
250 2077 367 2128 formosus
378 2092 445 2137 eras,
459 2078 532 2128 &me
542 2094 595 2127 mea
605 2078 653 2127 fata
663 2079 806 2129 trahebant:
926 2087 959 2143 35

245 2150 398 2201 Abstulerant
411 2151 476 2201 oculi
488 2151 576 2200 lumina
586 2149 721 2200 nostratui.

213 2220 302 2273 Perfide
313 2256 321 2282 ‚
333 2223 422 2273 sensisti
433 2240 440 2273 ε
452 2224 504 2289 quis
513 2224 576 2272 enim
584 2224 647 2271 bene
660 2223 724 2271 celat
733 2217 860 2272 amorem?

245 2296 341 2347 Eminet
349 2296 442 2347 indicio
451 2293 548 2360 prodita
557 2294 651 2343 flamma
660 2293 711 2343 suo.

213 2366 306 2420 Dicitur
315 2371 410 2421 interea
422 2369 466 2419 ribi
476 2369 532 2425 lex;
542 2378 569 2416 ut
581 2367 639 2416 dura
647 2366 754 2417 ferorum

244 2444 342 2493 Insolito
351 2458 475 2512 premeres
485 2457 585 2493 vomere
596 2440 659 2490 colia
667 2441 750 2492 boum.
921 2456 957 2506 4ο

212 2514 293 2567 Martis
305 2528 375 2567 erant
388 2516 452 2567 tauri
462 2516 530 2582 plus,
543 2518 613 2582 quim
624 2530 668 2581 per
677 2531 766 2565 cornua
775 2548 784 2575 ‚
793 2512 848 2567 saevi
855 2531 866 2577 ;

244 2589 357 2654 Quorum
365 2590 477 2641 terribilis
488 2589 580 2657 spiritus
591 2588 651 2657 ignis
660 2600 722 2639 erat.

214 2658 267 2711 AEre
278 2662 355 2728 pedes
367 2662 434 2713 solidi
444 2696 452 2721 ,
466 2674 630 2730 praetentaque
641 2663 737 2713 naribus
746 2676 812 2715 aerat

242 2736 317 2804 Nigra
326 2752 371 2801 per
379 2735 471 2786 afflatus
478 2737 530 2786 haec
540 2753 636 2804 quoque
644 2735 705 2785 fabia
713 2736 778 2786 suos.

215 2805 301 2858 Semina
310 2820 430 2876 praeterea
440 2841 447 2867 ‚
456 2811 558 2877 populos
569 2811 696 2877 genitura,
709 2804 801 2872 juberis
920 2818 955 2871 45

243 2881 361 2950 Spargere
373 2881 462 2931 devoti
470 2884 517 2934 lata
526 2901 569 2950 per
578 2899 636 2931 arva
646 2896 732 2936 manu,

216 2948 258 3015 Qui
267 2967 381 3021 peterent
393 2954 473 3006 secum
481 2958 540 3006 natis
550 2967 591 3005 tua
599 2968 703 3018 corpora
711 2948 778 3003 telis.
835 2949 837 2954 ’

243 3025 286 3078 illa
296 3029 329 3078 est
338 3029 452 3095 agricole
462 3030 544 3079 messis
558 3029 640 3093 iniqua
652 3025 705 3073 suo.

217 3092 304 3149 Lumina
312 3102 414 3153 custodis
424 3101 595 3159 ,succumbere
610 3098 689 3149 nescia
696 3095 793 3155 somno,

246 3172 347 3228 Ultimus
356 3175 390 3227 est
400 3173 480 3241 aliqua
489 3170 752 3242 deciperearretabor.
801 3201 804 3208 ·
851 3237 857 3250 ι
