2392 3892
262 452 323 505 nr
339 434 458 504 Arra
476 434 670 503 Arranm
695 435 735 502 L.
757 438 824 506 III.
851 458 928 532 247

213 552 253 605 Est
267 554 344 613 mibi,
360 570 409 619 quo
425 553 474 603 dixi
490 552 573 603 vestrae
587 537 744 601 medicamina
758 553 862 617 formae,
936 570 987 621 205

248 626 362 684 Parvus,
379 625 420 676 sed
435 625 493 675 curi
510 625 600 693 grande
615 626 710 674 libellus
726 642 797 691 opus.

212 700 277 751 Hinc
295 716 395 767 quoque
411 699 547 765 praesidium
562 697 623 748 laesae
639 698 743 764 petitote
758 697 861 766 figurae:
888 709 895 768 J

247 774 307 821 Non
324 772 359 821 est
373 788 419 838 pro
434 771 518 821 vestris
536 788 573 821 ars
590 788 644 820 mea
661 771 735 821 rebus
750 773 825 822 iners.

211 845 270 896 Non
285 857 369 896 tamen
384 844 506 911 expositas
522 845 607 894 mensa
623 844 757 910 deprendat
774 856 868 896 amator

247 916 354 985 Pyxidas
368 934 376 969 τ
389 934 427 968 ars
442 918 529 967 faciem
545 917 692 968 dissimulata
707 915 787 986 juvet.
934 933 986 986 210

210 988 294 1055 Quem
309 1007 360 1041 non
376 988 483 1041 offendat
499 1001 554 1040 toto
571 990 619 1040 saex
634 990 694 1042 illita
709 994 800 1050 vultu,

248 1061 312 1113 Ctim
326 1064 380 1113 fluit
396 1062 421 1112 in
437 1063 534 1127 tepidos
551 1064 661 1131 pondere
675 1063 738 1130 lapsa
752 1061 842 1115 sinus?

210 1135 301 1204 OEsypa
318 1136 376 1203 quid
393 1134 528 1186 redolent?
547 1138 653 1204 quamvis
669 1138 778 1189 mittatur
791 1135 896 1189 Athenis

246 1210 354 1259 Demtus
370 1209 399 1259 ab
414 1209 535 1259 immundo
551 1212 644 1260 vellere
660 1211 744 1262 succus
761 1212 824 1264 ovis.

210 1281 265 1334 Nec
282 1298 365 1332 coram
380 1281 464 1333 mixtas
480 1299 559 1332 cervae
574 1282 676 1333 sumsisse
693 1284 829 1344 medullas,
928 1298 981 1347 215

246 1356 302 1405 Nec
319 1370 401 1405 coram
418 1355 504 1405 dentes
521 1354 655 1405 delricuiffe
671 1356 781 1418 probem'.

209 1426 254 1478 Illa
271 1426 363 1477 dabunt
379 1427 485 1487 faciem;
503 1428 544 1477 sed
561 1440 634 1477 erunt
650 1428 767 1477 deformia
782 1428 845 1477 visu.

245 1500 395 1567 Multaque,
413 1501 469 1550 dum
484 1499 565 1559 fiunt,
583 1499 680 1566 turpia,
698 1499 759 1550 salla
775 1501 882 1566 placent.

210 1572 273 1637 Quae
287 1590 353 1623 nunc
369 1590 457 1623 nomen
471 1574 562 1623 habent
579 1573 678 1639 operosi
693 1573 760 1640 signa
777 1572 890 1639 Myronis
901 1606 915 1632 ,-

244 1644 344 1696 Pondus
361 1646 426 1696 iners
443 1647 582 1713 quondam,
602 1647 708 1712 duraque
726 1645 795 1696 malla
810 1645 865 1696 fuit.
929 1660 982 1695 220

207 1717 318 1769 Annulus
334 1731 361 1769 ut
377 1718 437 1777 fiat,
456 1721 533 1785 primo
549 1719 672 1770 colliditur
687 1735 791 1770 auruma

244 1791 314 1856 Quas
329 1792 413 1859 geritis
429 1792 525 1851 vestes,
544 1793 637 1842 sordida
652 1794 704 1841 lana
719 1792 774 1842 suit.

209 1862 269 1915 Cirm
284 1862 375 1923 fieret,
395 1865 454 1931 lapis
469 1866 537 1931 asper
554 1879 626 1925 erat3
642 1856 706 1916 nurlc
722 1865 804 1917 nobile
821 1865 934 1933 signum:

243 1937 315 1986 Nuda
331 1940 416 1991 Versus
432 1940 537 1990 madidas
552 1940 664 2006 exprimit
680 1940 755 1990 imbre
773 1957 863 1991 comas.

207 2007 246 2060 Tu
257 2027 354 2077 quoque
366 2011 421 2060 dum
432 2013 519 2063 coleris
531 2045 539 2070 ‚
556 2029 601 2061 nos
616 2026 641 2063 te
652 2014 756 2063 dormire
767 2026 878 2078 putemus
890 2028 898 2063 ι
926 2026 959 2061 22
964 2024 977 2073 5

243 2082 331 2149 Aprilis
349 2084 464 2133 asumma
482 2082 629 2148 conspiciare
646 2101 727 2133 manu.

207 2154 259 2205 Cur
273 2156 331 2207 mihi
348 2168 406 2206 nota
422 2170 466 2205 tuo
482 2153 552 2205 causa
568 2154 601 2203 est
618 2154 729 2205 candoris
745 2152 769 2201 in
785 2151 851 2203 ore?

243 2227 338 2279 Claude
356 2230 434 2287 sorem
447 2226 543 2277 thalami
560 2242 567 2277 t
585 2226 642 2293 quid
658 2226 719 2276 rude
735 2221 816 2289 prodis
832 2221 916 2289 opus?

206 2300 285 2352 Multa
299 2303 366 2353 viros
380 2301 473 2351 nescire
491 2300 563 2350 decet
579 2315 586 2349 :
604 2316 658 2365 pars
675 2297 775 2347 maxima
791 2312 872 2348 rerum

229 2369 377 2433 offendat,
397 2375 417 2424 si
433 2390 482 2423 non
498 2373 614 2424 interiora
630 2386 707 2439 tegas.
925 2380 979 2432 230

206 2445 287 2498 Aurea
307 2464 359 2512 quae
374 2446 482 2513 pendent
498 2458 584 2498 ornato
602 2446 670 2514 signa
687 2446 784 2494 theatro
798 2457 807 2504 ς
914 2441 917 2446 ’

242 2518 355 2584 inspice,
374 2523 443 2585 quam
459 2523 540 2572 tenuis
557 2520 651 2570 bradea
664 2519 730 2587 ligna
746 2527 824 2587 tegat.

203 2591 253 2641 Sed
269 2608 348 2656 neque
363 2593 393 2640 atl
407 2592 448 2641 illa
462 2594 520 2643 licet
533 2596 645 2660 populo,
661 2592 708 2642 nisi
721 2592 802 2650 sabba,
818 2586 902 2638 venire
917 2600 925 2636 a

242 2662 319 2716 Nec,
338 2661 383 2710 nisi
399 2663 530 2722 submotis,
549 2666 626 2714 sorma
642 2663 766 2729 paranda,
784 2661 852 2715 viris,

205 2735 240 2786 At
258 2750 308 2783 non
323 2732 454 2799 pedendos
472 2752 551 2784 coram
567 2738 676 2801 praebere
693 2733 815 2798 capillos,
926 2742 978 2794 235

242 2809 278 2857 Ut
294 2805 391 2873 jaceant
406 2806 453 2856 fusi
469 2823 513 2871 per
529 2819 569 2856 tua
585 2819 672 2875 terga,
690 2819 783 2857 vetem.

205 2881 252 2932 lllo
269 2880 409 2947 praecipue,
426 2895 457 2928 ne
473 2879 505 2928 sis
522 2879 634 2938 morosa,
653 2893 740 2930 caveto

243 2955 367 3020 Tempore
384 2970 390 3004 τ
407 2970 454 3003 nec
470 2952 544 3017 lapsas
560 2953 620 3018 saepe
636 2953 731 3003 resolve
748 2948 841 3004 comas,
917 2986 921 2995 ·

205 3026 272 3076 Tuta
288 3028 319 3077 sit
334 3028 442 3079 ornatrix
460 3042 467 3077 a
484 3026 544 3084 odi,
563 3044 616 3093 quae
631 3026 719 3077 sauciat
735 3042 779 3077 ora

243 3097 388 3168 Unguibus,
404 3102 430 3155 δι
446 3099 515 3170 rapti
531 3100 628 3153 brachia
644 3099 696 3170 figit
711 3117 767 3152 acu.

808 3192 829 3244 1.
842 3192 866 3243 iv
886 3205 895 3218 ·
