<?xml version="1.0" encoding="UTF-8"?>
<!DOCTYPE html PUBLIC "-//W3C//DTD XHTML 1.0 Transitional//EN"
    "http://www.w3.org/TR/xhtml1/DTD/xhtml1-transitional.dtd">
<html xmlns="http://www.w3.org/1999/xhtml" xml:lang="en" lang="en">
 <head>
  <title>
</title>
<meta http-equiv="Content-Type" content="text/html;charset=utf-8" />
  <meta name='ocr-system' content='tesseract 3.04.00' />
  <meta name='ocr-capabilities' content='ocr_page ocr_carea ocr_par ocr_line ocrx_word'/>
</head>
<body>
  <div class='ocr_page' id='page_1' title='image "./povidiinasoniso00heingoog_0301.png"; bbox 0 0 2392 3892; ppageno 0'>
   <div class='ocr_carea' id='block_1_1' title="bbox 285 394 900 473">
    <p class='ocr_par' dir='ltr' id='par_1_1' title="bbox 285 394 900 473">
     <span class='ocr_line' id='line_1_1' title="bbox 285 394 900 473; baseline -0.01 0"><span class='ocrx_word' id='word_1_1' title='bbox 285 400 359 473; x_wconf 89' lang='lat'>286</span> <span class='ocrx_word' id='word_1_2' title='bbox 409 398 617 468; x_wconf 72' lang='lat' dir='ltr'>Orrnrr</span> <span class='ocrx_word' id='word_1_3' title='bbox 643 394 900 467; x_wconf 62' lang='lat' dir='ltr'>Nasorars</span> 
     </span>
    </p>
   </div>
   <div class='ocr_carea' id='block_1_2' title="bbox 220 515 988 2695">
    <p class='ocr_par' dir='ltr' id='par_1_2' title="bbox 220 515 988 2695">
     <span class='ocr_line' id='line_1_2' title="bbox 283 515 888 576; baseline -0.002 -7"><span class='ocrx_word' id='word_1_4' title='bbox 283 519 340 569; x_wconf 88' lang='lat' dir='ltr'>Hoc</span> <span class='ocrx_word' id='word_1_5' title='bbox 356 516 382 567; x_wconf 78' lang='lat' dir='ltr'>St</span> <span class='ocrx_word' id='word_1_6' title='bbox 394 518 419 565; x_wconf 91' lang='lat' dir='ltr'>in</span> <span class='ocrx_word' id='word_1_7' title='bbox 434 515 535 565; x_wconf 74' lang='lat' dir='ltr'>abdusid</span> <span class='ocrx_word' id='word_1_8' title='bbox 550 515 657 566; x_wconf 86' lang='lat' dir='ltr'>Briseide</span> <span class='ocrx_word' id='word_1_9' title='bbox 672 516 745 565; x_wconf 78' lang='lat' dir='ltr'>flebat</span> <span class='ocrx_word' id='word_1_10' title='bbox 759 515 888 576; x_wconf 78' lang='lat' dir='ltr'>Achilles,</span> 
     </span>
     <span class='ocr_line' id='line_1_3' title="bbox 321 588 791 656; baseline -0.002 -16"><span class='ocrx_word' id='word_1_11' title='bbox 321 592 388 640; x_wconf 88' lang='lat' dir='ltr'>illam</span> <span class='ocrx_word' id='word_1_12' title='bbox 405 589 533 639; x_wconf 87' lang='lat' dir='ltr'>Plisthenio</span> <span class='ocrx_word' id='word_1_13' title='bbox 547 588 632 656; x_wconf 86' lang='lat' dir='ltr'>gaudia</span> <span class='ocrx_word' id='word_1_14' title='bbox 647 588 710 638; x_wconf 90' lang='lat' dir='ltr'>serre</span> <span class='ocrx_word' id='word_1_15' title='bbox 725 600 791 639; x_wconf 82' lang='lat' dir='ltr'>toro.</span> 
     </span>
     <span class='ocr_line' id='line_1_4' title="bbox 283 661 947 725; baseline 0 -10"><span class='ocrx_word' id='word_1_16' title='bbox 283 668 338 715; x_wconf 90' lang='lat' dir='ltr'>Nec</span> <span class='ocrx_word' id='word_1_17' title='bbox 351 662 435 714; x_wconf 81' lang='lat' dir='ltr'>frustra</span> <span class='ocrx_word' id='word_1_18' title='bbox 448 663 521 712; x_wconf 86' lang='lat' dir='ltr'>flebat</span> <span class='ocrx_word' id='word_1_19' title='bbox 537 678 544 712; x_wconf 74' lang='grc' dir='ltr'><strong>ι</strong></span> <span class='ocrx_word' id='word_1_20' title='bbox 561 662 619 712; x_wconf 88' lang='lat' dir='ltr'>mihi</span> <span class='ocrx_word' id='word_1_21' title='bbox 634 661 742 720; x_wconf 83' lang='lat' dir='ltr'>credite,</span> <span class='ocrx_word' id='word_1_22' title='bbox 757 662 819 713; x_wconf 87' lang='lat' dir='ltr'>secit</span> <span class='ocrx_word' id='word_1_23' title='bbox 833 662 947 725; x_wconf 78' lang='lat' dir='ltr'>Atrides,</span> 
     </span>
     <span class='ocr_line' id='line_1_5' title="bbox 220 734 889 805; baseline -0.004 -15"><span class='ocrx_word' id='word_1_24' title='bbox 220 741 273 805; x_wconf 89' lang='lat'>780</span> <span class='ocrx_word' id='word_1_25' title='bbox 323 736 399 802; x_wconf 88' lang='lat' dir='ltr'>Quod</span> <span class='ocrx_word' id='word_1_26' title='bbox 409 737 430 786; x_wconf 84' lang='lat' dir='ltr'>si</span> <span class='ocrx_word' id='word_1_27' title='bbox 441 753 490 786; x_wconf 92' lang='lat' dir='ltr'>non</span> <span class='ocrx_word' id='word_1_28' title='bbox 500 735 611 793; x_wconf 80' lang='lat' dir='ltr'>faceret,</span> <span class='ocrx_word' id='word_1_29' title='bbox 625 734 729 801; x_wconf 82' lang='lat' dir='ltr'>turpiter</span> <span class='ocrx_word' id='word_1_30' title='bbox 741 734 799 784; x_wconf 79' lang='lat' dir='ltr'>esset</span> <span class='ocrx_word' id='word_1_31' title='bbox 812 736 889 787; x_wconf 84' lang='lat' dir='ltr'>iners.</span> 
     </span>
     <span class='ocr_line' id='line_1_6' title="bbox 285 807 891 877; baseline -0.002 -16"><span class='ocrx_word' id='word_1_32' title='bbox 285 809 361 862; x_wconf 70' lang='lat' dir='ltr'>Certe</span> <span class='ocrx_word' id='word_1_33' title='bbox 374 827 422 877; x_wconf 88' lang='lat' dir='ltr'>ego</span> <span class='ocrx_word' id='word_1_34' title='bbox 434 809 555 867; x_wconf 81' lang='lat' dir='ltr'>fecissem,</span> <span class='ocrx_word' id='word_1_35' title='bbox 571 825 617 858; x_wconf 92' lang='lat' dir='ltr'>nec</span> <span class='ocrx_word' id='word_1_36' title='bbox 633 809 683 858; x_wconf 88' lang='lat' dir='ltr'>sum</span> <span class='ocrx_word' id='word_1_37' title='bbox 696 807 827 872; x_wconf 79' lang='lat' dir='ltr'>sapientior</span> <span class='ocrx_word' id='word_1_38' title='bbox 836 810 891 861; x_wconf 87' lang='lat' dir='ltr'>illo.</span> 
     </span>
     <span class='ocr_line' id='line_1_7' title="bbox 321 880 779 934; baseline -0.009 -1"><span class='ocrx_word' id='word_1_39' title='bbox 321 884 419 934; x_wconf 82' lang='lat' dir='ltr'>Invidiae</span> <span class='ocrx_word' id='word_1_40' title='bbox 435 882 525 933; x_wconf 68' lang='lat' dir='ltr'>studius</span> <span class='ocrx_word' id='word_1_41' title='bbox 539 882 654 931; x_wconf 82' lang='lat' dir='ltr'>maximus</span> <span class='ocrx_word' id='word_1_42' title='bbox 667 880 708 930; x_wconf 86' lang='lat' dir='ltr'>ille</span> <span class='ocrx_word' id='word_1_43' title='bbox 723 882 779 930; x_wconf 85' lang='lat' dir='ltr'>suit.</span> 
     </span>
     <span class='ocr_line' id='line_1_8' title="bbox 283 952 917 1023; baseline -0.006 -15"><span class='ocrx_word' id='word_1_44' title='bbox 283 958 346 1008; x_wconf 84' lang='lat' dir='ltr'>Nam</span> <span class='ocrx_word' id='word_1_45' title='bbox 359 956 404 1007; x_wconf 88' lang='lat' dir='ltr'>sibi</span> <span class='ocrx_word' id='word_1_46' title='bbox 417 956 483 1023; x_wconf 90' lang='lat' dir='ltr'>quod</span> <span class='ocrx_word' id='word_1_47' title='bbox 494 971 623 1021; x_wconf 82' lang='lat' dir='ltr'><strong>numquam</strong></span> <span class='ocrx_word' id='word_1_48' title='bbox 633 953 719 1003; x_wconf 74' lang='lat' dir='ltr'>tesiam</span> <span class='ocrx_word' id='word_1_49' title='bbox 731 952 840 1003; x_wconf 85' lang='lat' dir='ltr'>Briseida</span> <span class='ocrx_word' id='word_1_50' title='bbox 851 952 917 1020; x_wconf 83' lang='lat' dir='ltr'>jurat</span> 
     </span>
     <span class='ocr_line' id='line_1_9' title="bbox 321 1028 958 1095; baseline 0.002 -16"><span class='ocrx_word' id='word_1_51' title='bbox 321 1029 368 1081; x_wconf 85' lang='lat' dir='ltr'>Per</span> <span class='ocrx_word' id='word_1_52' title='bbox 381 1029 500 1095; x_wconf 84' lang='lat' dir='ltr'>sceptrum</span> <span class='ocrx_word' id='word_1_53' title='bbox 515 1045 524 1087; x_wconf 66' lang='grc' dir='ltr'><strong><em>ς</em></strong></span> <span class='ocrx_word' id='word_1_54' title='bbox 538 1028 658 1093; x_wconf 85' lang='lat' dir='ltr'>sceptrum</span> <span class='ocrx_word' id='word_1_55' title='bbox 674 1043 723 1077; x_wconf 89' lang='lat' dir='ltr'>non</span> <span class='ocrx_word' id='word_1_56' title='bbox 736 1039 806 1092; x_wconf 88' lang='lat' dir='ltr'>putat</span> <span class='ocrx_word' id='word_1_57' title='bbox 818 1028 866 1078; x_wconf 75' lang='lat' dir='ltr'>esse</span> <span class='ocrx_word' id='word_1_58' title='bbox 880 1029 958 1080; x_wconf 86' lang='lat' dir='ltr'>Deos.</span> 
     </span>
     <span class='ocr_line' id='line_1_10' title="bbox 221 1100 869 1167; baseline -0.006 -14"><span class='ocrx_word' id='word_1_59' title='bbox 221 1103 273 1167; x_wconf 87' lang='lat'>785</span> <span class='ocrx_word' id='word_1_60' title='bbox 287 1100 321 1153; x_wconf 85' lang='lat' dir='ltr'>Di</span> <span class='ocrx_word' id='word_1_61' title='bbox 336 1103 440 1160; x_wconf 87' lang='lat' dir='ltr'>saciant,</span> <span class='ocrx_word' id='word_1_62' title='bbox 454 1100 557 1150; x_wconf 82' lang='lat' dir='ltr'>dominae</span> <span class='ocrx_word' id='word_1_63' title='bbox 571 1100 649 1167; x_wconf 82' lang='lat' dir='ltr'>possis</span> <span class='ocrx_word' id='word_1_64' title='bbox 663 1100 764 1149; x_wconf 84' lang='lat' dir='ltr'>transire</span> <span class='ocrx_word' id='word_1_65' title='bbox 778 1100 869 1150; x_wconf 77' lang='lat' dir='ltr'>relisiae</span> 
     </span>
     <span class='ocr_line' id='line_1_11' title="bbox 320 1170 850 1240; baseline -0.004 -15"><span class='ocrx_word' id='word_1_66' title='bbox 320 1174 411 1225; x_wconf 85' lang='lat' dir='ltr'>Limina</span> <span class='ocrx_word' id='word_1_67' title='bbox 424 1191 432 1232; x_wconf 71' lang='lat'>5</span> <span class='ocrx_word' id='word_1_68' title='bbox 446 1174 573 1240; x_wconf 72' lang='lat' dir='ltr'>proposito</span> <span class='ocrx_word' id='word_1_69' title='bbox 586 1170 752 1239; x_wconf 85' lang='lat' dir='ltr'>sufficiantque</span> <span class='ocrx_word' id='word_1_70' title='bbox 764 1174 850 1238; x_wconf 83' lang='lat' dir='ltr'>pedes.</span> 
     </span>
     <span class='ocr_line' id='line_1_12' title="bbox 284 1244 952 1313; baseline -0.001 -15"><span class='ocrx_word' id='word_1_71' title='bbox 284 1247 316 1298; x_wconf 86' lang='lat' dir='ltr'>Et</span> <span class='ocrx_word' id='word_1_72' title='bbox 328 1247 421 1313; x_wconf 84' lang='lat' dir='ltr'>poteris</span> <span class='ocrx_word' id='word_1_73' title='bbox 434 1263 442 1297; x_wconf 77' lang='lat' dir='ltr'>c</span> <span class='ocrx_word' id='word_1_74' title='bbox 454 1244 528 1297; x_wconf 78' lang='lat' dir='ltr'>modi&gt;</span> <span class='ocrx_word' id='word_1_75' title='bbox 539 1246 606 1296; x_wconf 79' lang='lat' dir='ltr'>velle</span> <span class='ocrx_word' id='word_1_76' title='bbox 616 1257 675 1295; x_wconf 89' lang='lat' dir='ltr'>tene</span> <span class='ocrx_word' id='word_1_77' title='bbox 689 1259 699 1294; x_wconf 78' lang='lat' dir='ltr'>a</span> <span class='ocrx_word' id='word_1_78' title='bbox 712 1262 776 1295; x_wconf 92' lang='lat' dir='ltr'>nunc</span> <span class='ocrx_word' id='word_1_79' title='bbox 791 1244 890 1297; x_wconf 84' lang='lat' dir='ltr'>fortiter</span> <span class='ocrx_word' id='word_1_80' title='bbox 900 1245 952 1307; x_wconf 90' lang='lat' dir='ltr'>ire,</span> 
     </span>
     <span class='ocr_line' id='line_1_13' title="bbox 320 1317 897 1387; baseline 0.003 -18"><span class='ocrx_word' id='word_1_81' title='bbox 320 1321 392 1370; x_wconf 90' lang='lat' dir='ltr'>Nunc</span> <span class='ocrx_word' id='word_1_82' title='bbox 404 1336 465 1386; x_wconf 89' lang='lat' dir='ltr'>opus</span> <span class='ocrx_word' id='word_1_83' title='bbox 477 1319 510 1369; x_wconf 86' lang='lat' dir='ltr'>est</span> <span class='ocrx_word' id='word_1_84' title='bbox 520 1319 605 1369; x_wconf 87' lang='lat' dir='ltr'>sceleri</span> <span class='ocrx_word' id='word_1_85' title='bbox 617 1317 718 1368; x_wconf 85' lang='lat' dir='ltr'>subdere</span> <span class='ocrx_word' id='word_1_86' title='bbox 731 1320 812 1369; x_wconf 90' lang='lat' dir='ltr'>calcar</span> <span class='ocrx_word' id='word_1_87' title='bbox 822 1335 897 1387; x_wconf 82' lang='lat' dir='ltr'>equo.</span> 
     </span>
     <span class='ocr_line' id='line_1_14' title="bbox 283 1391 797 1461; baseline -0.002 -18"><span class='ocrx_word' id='word_1_88' title='bbox 283 1392 331 1444; x_wconf 92' lang='grc'><strong>1110</strong></span> <span class='ocrx_word' id='word_1_89' title='bbox 342 1394 514 1461; x_wconf 81' lang='lat' dir='ltr'>Lotophagos,</span> <span class='ocrx_word' id='word_1_90' title='bbox 526 1392 569 1441; x_wconf 89' lang='lat' dir='ltr'>illo</span> <span class='ocrx_word' id='word_1_91' title='bbox 583 1391 681 1442; x_wconf 79' lang='lat' dir='ltr'>Sirenas</span> <span class='ocrx_word' id='word_1_92' title='bbox 691 1392 715 1441; x_wconf 90' lang='lat' dir='ltr'>in</span> <span class='ocrx_word' id='word_1_93' title='bbox 725 1404 797 1442; x_wconf 86' lang='lat' dir='ltr'>antro</span> 
     </span>
     <span class='ocr_line' id='line_1_15' title="bbox 221 1462 785 1531; baseline -0.004 -14"><span class='ocrx_word' id='word_1_94' title='bbox 221 1481 274 1531; x_wconf 89' lang='lat'>790</span> <span class='ocrx_word' id='word_1_95' title='bbox 321 1464 374 1516; x_wconf 85' lang='lat' dir='ltr'>Esse</span> <span class='ocrx_word' id='word_1_96' title='bbox 387 1479 445 1531; x_wconf 84' lang='lat' dir='ltr'>puta</span> <span class='ocrx_word' id='word_1_97' title='bbox 458 1483 465 1516; x_wconf 76' lang='lat' dir='ltr'>a</span> <span class='ocrx_word' id='word_1_98' title='bbox 482 1466 553 1515; x_wconf 85' lang='lat' dir='ltr'>remis</span> <span class='ocrx_word' id='word_1_99' title='bbox 568 1462 646 1530; x_wconf 82' lang='lat' dir='ltr'>adjice</span> <span class='ocrx_word' id='word_1_100' title='bbox 658 1466 714 1514; x_wconf 81' lang='lat' dir='ltr'>vela</span> <span class='ocrx_word' id='word_1_101' title='bbox 727 1465 785 1515; x_wconf 86' lang='lat' dir='ltr'>tuis.</span> 
     </span>
     <span class='ocr_line' id='line_1_16' title="bbox 283 1534 988 1605; baseline 0.004 -17"><span class='ocrx_word' id='word_1_102' title='bbox 283 1539 356 1589; x_wconf 87' lang='lat' dir='ltr'>Hunc</span> <span class='ocrx_word' id='word_1_103' title='bbox 367 1555 479 1605; x_wconf 81' lang='lat' dir='ltr'>quoque,</span> <span class='ocrx_word' id='word_1_104' title='bbox 492 1555 540 1604; x_wconf 88' lang='lat' dir='ltr'>quo</span> <span class='ocrx_word' id='word_1_105' title='bbox 551 1538 671 1604; x_wconf 81' lang='lat' dir='ltr'>quondam</span> <span class='ocrx_word' id='word_1_106' title='bbox 681 1534 778 1587; x_wconf 70' lang='lat' dir='ltr'>nimium</span> <span class='ocrx_word' id='word_1_107' title='bbox 789 1536 867 1598; x_wconf 64' lang='lat' dir='ltr'>rivale</span> <span class='ocrx_word' id='word_1_108' title='bbox 876 1538 988 1600; x_wconf 77' lang='lat' dir='ltr'>dolebas,</span> 
     </span>
     <span class='ocr_line' id='line_1_17' title="bbox 320 1608 828 1663; baseline -0.004 0"><span class='ocrx_word' id='word_1_109' title='bbox 320 1612 418 1663; x_wconf 85' lang='lat' dir='ltr'>Vellem</span> <span class='ocrx_word' id='word_1_110' title='bbox 431 1611 553 1662; x_wconf 83' lang='lat' dir='ltr'>desineres</span> <span class='ocrx_word' id='word_1_111' title='bbox 567 1608 642 1661; x_wconf 80' lang='lat' dir='ltr'>hostis</span> <span class='ocrx_word' id='word_1_112' title='bbox 655 1610 745 1661; x_wconf 84' lang='lat' dir='ltr'>habere</span> <span class='ocrx_word' id='word_1_113' title='bbox 759 1611 828 1662; x_wconf 79' lang='lat' dir='ltr'>loco.</span> 
     </span>
     <span class='ocr_line' id='line_1_18' title="bbox 282 1682 876 1752; baseline -0.002 -16"><span class='ocrx_word' id='word_1_114' title='bbox 282 1683 317 1736; x_wconf 78' lang='lat' dir='ltr'>Ar</span> <span class='ocrx_word' id='word_1_115' title='bbox 331 1682 413 1741; x_wconf 73' lang='lat' dir='ltr'>certe,</span> <span class='ocrx_word' id='word_1_116' title='bbox 426 1685 534 1752; x_wconf 86' lang='lat' dir='ltr'>quamvis</span> <span class='ocrx_word' id='word_1_117' title='bbox 547 1684 605 1734; x_wconf 89' lang='lat' dir='ltr'>odio</span> <span class='ocrx_word' id='word_1_118' title='bbox 614 1695 772 1743; x_wconf 69' lang='lat' dir='ltr'>rennuente,</span> <span class='ocrx_word' id='word_1_119' title='bbox 789 1684 876 1736; x_wconf 85' lang='lat' dir='ltr'>saluta.</span> 
     </span>
     <span class='ocr_line' id='line_1_19' title="bbox 321 1754 888 1824; baseline -0.002 -16"><span class='ocrx_word' id='word_1_120' title='bbox 321 1757 411 1808; x_wconf 83' lang='lat' dir='ltr'>Oscula</span> <span class='ocrx_word' id='word_1_121' title='bbox 424 1755 477 1807; x_wconf 79' lang='lat' dir='ltr'>crim</span> <span class='ocrx_word' id='word_1_122' title='bbox 490 1758 581 1824; x_wconf 87' lang='lat' dir='ltr'>poteris</span> <span class='ocrx_word' id='word_1_123' title='bbox 596 1754 644 1822; x_wconf 81' lang='lat' dir='ltr'>jam</span> <span class='ocrx_word' id='word_1_124' title='bbox 658 1757 734 1814; x_wconf 89' lang='lat' dir='ltr'>dare,</span> <span class='ocrx_word' id='word_1_125' title='bbox 750 1756 818 1808; x_wconf 86' lang='lat' dir='ltr'>sanus</span> <span class='ocrx_word' id='word_1_126' title='bbox 829 1758 888 1809; x_wconf 87' lang='lat' dir='ltr'>eris.</span> 
     </span>
     <span class='ocr_line' id='line_1_20' title="bbox 220 1824 887 1896; baseline 0.003 -18"><span class='ocrx_word' id='word_1_127' title='bbox 220 1845 270 1896; x_wconf 86' lang='lat'>795</span> <span class='ocrx_word' id='word_1_128' title='bbox 285 1830 349 1879; x_wconf 86' lang='lat' dir='ltr'>Ecce</span> <span class='ocrx_word' id='word_1_129' title='bbox 365 1831 431 1881; x_wconf 86' lang='lat' dir='ltr'>cibos</span> <span class='ocrx_word' id='word_1_130' title='bbox 445 1824 534 1889; x_wconf 80' lang='lat' dir='ltr'>etiarn,</span> <span class='ocrx_word' id='word_1_131' title='bbox 550 1829 674 1879; x_wconf 77' lang='lat' dir='ltr'>medicinae</span> <span class='ocrx_word' id='word_1_132' title='bbox 685 1829 771 1895; x_wconf 83' lang='lat' dir='ltr'>fungar</span> <span class='ocrx_word' id='word_1_133' title='bbox 781 1842 809 1879; x_wconf 91' lang='lat' dir='ltr'>ut</span> <span class='ocrx_word' id='word_1_134' title='bbox 821 1831 887 1881; x_wconf 88' lang='lat' dir='ltr'>omni</span> 
     </span>
     <span class='ocr_line' id='line_1_21' title="bbox 318 1901 953 1969; baseline 0.003 -18"><span class='ocrx_word' id='word_1_135' title='bbox 318 1901 439 1961; x_wconf 88' lang='lat' dir='ltr'>Munere,</span> <span class='ocrx_word' id='word_1_136' title='bbox 455 1919 516 1967; x_wconf 89' lang='lat' dir='ltr'>quos</span> <span class='ocrx_word' id='word_1_137' title='bbox 528 1901 625 1969; x_wconf 79' lang='lat' dir='ltr'>fugias,</span> <span class='ocrx_word' id='word_1_138' title='bbox 639 1917 731 1967; x_wconf 79' lang='lat' dir='ltr'>quosve</span> <span class='ocrx_word' id='word_1_139' title='bbox 747 1901 866 1968; x_wconf 85' lang='lat' dir='ltr'>sequare,</span> <span class='ocrx_word' id='word_1_140' title='bbox 880 1903 953 1954; x_wconf 84' lang='lat' dir='ltr'>dabo.</span> 
     </span>
     <span class='ocr_line' id='line_1_22' title="bbox 281 1973 921 2041; baseline 0.005 -16"><span class='ocrx_word' id='word_1_141' title='bbox 281 1974 408 2032; x_wconf 86' lang='lat' dir='ltr'>Daunius,</span> <span class='ocrx_word' id='word_1_142' title='bbox 421 1992 450 2023; x_wconf 91' lang='lat' dir='ltr'>an</span> <span class='ocrx_word' id='word_1_143' title='bbox 460 1974 556 2041; x_wconf 88' lang='lat' dir='ltr'>Libycis</span> <span class='ocrx_word' id='word_1_144' title='bbox 570 1974 657 2024; x_wconf 87' lang='lat' dir='ltr'>bulbus</span> <span class='ocrx_word' id='word_1_145' title='bbox 668 1974 712 2023; x_wconf 90' lang='lat' dir='ltr'>tibi</span> <span class='ocrx_word' id='word_1_146' title='bbox 721 1973 801 2025; x_wconf 84' lang='lat' dir='ltr'>missus</span> <span class='ocrx_word' id='word_1_147' title='bbox 814 1978 844 2026; x_wconf 85' lang='lat' dir='ltr'>ab</span> <span class='ocrx_word' id='word_1_148' title='bbox 855 1977 921 2036; x_wconf 80' lang='lat' dir='ltr'>oris,</span> 
     </span>
     <span class='ocr_line' id='line_1_23' title="bbox 320 2046 850 2114; baseline 0.006 -17"><span class='ocrx_word' id='word_1_149' title='bbox 320 2047 359 2098; x_wconf 81' lang='lat' dir='ltr'>An</span> <span class='ocrx_word' id='word_1_150' title='bbox 370 2047 451 2097; x_wconf 87' lang='lat' dir='ltr'>veniat</span> <span class='ocrx_word' id='word_1_151' title='bbox 463 2046 572 2114; x_wconf 83' lang='lat' dir='ltr'>Megaris</span> <span class='ocrx_word' id='word_1_152' title='bbox 584 2080 591 2105; x_wconf 90' lang='lat'>,</span> <span class='ocrx_word' id='word_1_153' title='bbox 606 2046 693 2096; x_wconf 84' lang='lat' dir='ltr'>noxius</span> <span class='ocrx_word' id='word_1_154' title='bbox 704 2047 781 2099; x_wconf 84' lang='lat' dir='ltr'>omnis</span> <span class='ocrx_word' id='word_1_155' title='bbox 793 2050 850 2100; x_wconf 88' lang='lat' dir='ltr'>erit.</span> 
     </span>
     <span class='ocr_line' id='line_1_24' title="bbox 281 2118 850 2186; baseline 0 -15"><span class='ocrx_word' id='word_1_156' title='bbox 281 2123 336 2171; x_wconf 91' lang='lat' dir='ltr'>Nec</span> <span class='ocrx_word' id='word_1_157' title='bbox 350 2118 427 2171; x_wconf 78' lang='lat' dir='ltr'>minis</span> <span class='ocrx_word' id='word_1_158' title='bbox 438 2137 523 2171; x_wconf 81' lang='lat' dir='ltr'>erucas</span> <span class='ocrx_word' id='word_1_159' title='bbox 535 2134 617 2186; x_wconf 86' lang='lat' dir='ltr'>aptum</span> <span class='ocrx_word' id='word_1_160' title='bbox 628 2120 706 2170; x_wconf 79' lang='lat' dir='ltr'>vitare</span> <span class='ocrx_word' id='word_1_161' title='bbox 719 2120 809 2171; x_wconf 85' lang='lat' dir='ltr'>salaces</span> <span class='ocrx_word' id='word_1_162' title='bbox 819 2139 830 2181; x_wconf 79' lang='lat'>3</span> <span class='ocrx_word' id='word_1_163' title='bbox 848 2149 850 2152; x_wconf 96' lang='lat'>·</span> 
     </span>
     <span class='ocr_line' id='line_1_25' title="bbox 220 2192 877 2261; baseline 0.003 -18"><span class='ocrx_word' id='word_1_164' title='bbox 220 2194 272 2244; x_wconf 87' lang='grc'>800</span> <span class='ocrx_word' id='word_1_165' title='bbox 320 2194 352 2243; x_wconf 90' lang='lat' dir='ltr'>Et</span> <span class='ocrx_word' id='word_1_166' title='bbox 364 2194 477 2260; x_wconf 89' lang='lat' dir='ltr'>quicquid</span> <span class='ocrx_word' id='word_1_167' title='bbox 489 2194 584 2247; x_wconf 84' lang='lat' dir='ltr'>Veneri</span> <span class='ocrx_word' id='word_1_168' title='bbox 596 2209 698 2259; x_wconf 89' lang='lat' dir='ltr'>corpora</span> <span class='ocrx_word' id='word_1_169' title='bbox 709 2192 786 2244; x_wconf 81' lang='lat' dir='ltr'>nostra</span> <span class='ocrx_word' id='word_1_170' title='bbox 797 2205 877 2261; x_wconf 82' lang='lat' dir='ltr'>parat.</span> 
     </span>
     <span class='ocr_line' id='line_1_26' title="bbox 282 2263 789 2325; baseline 0.004 -10"><span class='ocrx_word' id='word_1_171' title='bbox 282 2263 371 2320; x_wconf 87' lang='lat' dir='ltr'>Utiliris</span> <span class='ocrx_word' id='word_1_172' title='bbox 385 2266 461 2316; x_wconf 86' lang='lat' dir='ltr'>sumas</span> <span class='ocrx_word' id='word_1_173' title='bbox 474 2277 590 2317; x_wconf 87' lang='lat' dir='ltr'>acuentes</span> <span class='ocrx_word' id='word_1_174' title='bbox 603 2266 692 2315; x_wconf 88' lang='lat' dir='ltr'>lumina</span> <span class='ocrx_word' id='word_1_175' title='bbox 705 2279 769 2317; x_wconf 85' lang='lat' dir='ltr'>tutas</span> <span class='ocrx_word' id='word_1_176' title='bbox 780 2284 789 2325; x_wconf 88' lang='lat'>;</span> 
     </span>
     <span class='ocr_line' id='line_1_27' title="bbox 318 2338 883 2408; baseline 0.004 -20"><span class='ocrx_word' id='word_1_177' title='bbox 318 2340 349 2389; x_wconf 91' lang='lat' dir='ltr'>Et</span> <span class='ocrx_word' id='word_1_178' title='bbox 361 2339 473 2405; x_wconf 87' lang='lat' dir='ltr'>quicquid</span> <span class='ocrx_word' id='word_1_179' title='bbox 485 2339 579 2393; x_wconf 90' lang='lat' dir='ltr'>Veneri</span> <span class='ocrx_word' id='word_1_180' title='bbox 593 2355 695 2405; x_wconf 90' lang='lat' dir='ltr'>corpora</span> <span class='ocrx_word' id='word_1_181' title='bbox 709 2338 787 2389; x_wconf 83' lang='lat' dir='ltr'>nostra</span> <span class='ocrx_word' id='word_1_182' title='bbox 798 2351 883 2408; x_wconf 83' lang='lat' dir='ltr'>negat.</span> 
     </span>
     <span class='ocr_line' id='line_1_28' title="bbox 283 2407 955 2481; baseline 0.003 -20"><span class='ocrx_word' id='word_1_183' title='bbox 283 2412 349 2476; x_wconf 88' lang='lat' dir='ltr'>Quid</span> <span class='ocrx_word' id='word_1_184' title='bbox 361 2412 405 2466; x_wconf 82' lang='lat' dir='ltr'>tibi</span> <span class='ocrx_word' id='word_1_185' title='bbox 417 2412 554 2478; x_wconf 65' lang='lat' dir='ltr'>precipiam</span> <span class='ocrx_word' id='word_1_186' title='bbox 569 2412 600 2461; x_wconf 94' lang='lat' dir='ltr'>de</span> <span class='ocrx_word' id='word_1_187' title='bbox 611 2411 700 2461; x_wconf 85' lang='lat' dir='ltr'>Bacchi</span> <span class='ocrx_word' id='word_1_188' title='bbox 714 2428 833 2473; x_wconf 87' lang='lat' dir='ltr'>munere,</span> <span class='ocrx_word' id='word_1_189' title='bbox 847 2407 955 2481; x_wconf 69' lang='lat' dir='ltr'>queris?</span> 
     </span>
     <span class='ocr_line' id='line_1_29' title="bbox 317 2482 810 2550; baseline 0 -16"><span class='ocrx_word' id='word_1_190' title='bbox 317 2485 366 2550; x_wconf 88' lang='lat' dir='ltr'>Spe</span> <span class='ocrx_word' id='word_1_191' title='bbox 379 2482 473 2532; x_wconf 84' lang='lat' dir='ltr'>breviirs</span> <span class='ocrx_word' id='word_1_192' title='bbox 487 2483 584 2533; x_wconf 81' lang='lat' dir='ltr'>monitis</span> <span class='ocrx_word' id='word_1_193' title='bbox 598 2484 729 2549; x_wconf 83' lang='lat' dir='ltr'>expediere</span> <span class='ocrx_word' id='word_1_194' title='bbox 741 2485 810 2534; x_wconf 78' lang='lat' dir='ltr'>ineis.</span> 
     </span>
     <span class='ocr_line' id='line_1_30' title="bbox 220 2553 954 2623; baseline 0.001 -14"><span class='ocrx_word' id='word_1_195' title='bbox 220 2559 270 2623; x_wconf 89' lang='lat'>805</span> <span class='ocrx_word' id='word_1_196' title='bbox 280 2557 345 2612; x_wconf 89' lang='lat' dir='ltr'>Vina</span> <span class='ocrx_word' id='word_1_197' title='bbox 357 2567 442 2623; x_wconf 86' lang='lat' dir='ltr'>parant</span> <span class='ocrx_word' id='word_1_198' title='bbox 451 2553 553 2605; x_wconf 84' lang='lat' dir='ltr'>animum</span> <span class='ocrx_word' id='word_1_199' title='bbox 565 2555 677 2613; x_wconf 88' lang='lat' dir='ltr'>Veneri,</span> <span class='ocrx_word' id='word_1_200' title='bbox 691 2553 736 2605; x_wconf 88' lang='lat' dir='ltr'>nisi</span> <span class='ocrx_word' id='word_1_201' title='bbox 747 2557 850 2622; x_wconf 85' lang='lat' dir='ltr'>plurima</span> <span class='ocrx_word' id='word_1_202' title='bbox 860 2557 954 2618; x_wconf 60' lang='lat' dir='ltr'>suman</span> 
     </span>
     <span class='ocr_line' id='line_1_31' title="bbox 293 2628 841 2695; baseline 0 -14"><span class='ocrx_word' id='word_1_203' title='bbox 293 2649 298 2658; x_wconf 83' lang='lat'>·</span> <span class='ocrx_word' id='word_1_204' title='bbox 318 2630 354 2681; x_wconf 91' lang='lat' dir='ltr'>Ut</span> <span class='ocrx_word' id='word_1_205' title='bbox 366 2629 476 2695; x_wconf 83' lang='lat' dir='ltr'>stupeant</span> <span class='ocrx_word' id='word_1_206' title='bbox 486 2630 563 2679; x_wconf 85' lang='lat' dir='ltr'>multo</span> <span class='ocrx_word' id='word_1_207' title='bbox 575 2628 650 2679; x_wconf 89' lang='lat' dir='ltr'>corda</span> <span class='ocrx_word' id='word_1_208' title='bbox 661 2628 752 2695; x_wconf 84' lang='lat' dir='ltr'>sepulta</span> <span class='ocrx_word' id='word_1_209' title='bbox 762 2646 841 2681; x_wconf 88' lang='lat' dir='ltr'>mero.</span> 
     </span>
    </p>
   </div>
   <div class='ocr_carea' id='block_1_3' title="bbox 220 2702 928 2993">
    <p class='ocr_par' dir='ltr' id='par_1_3' title="bbox 220 2702 928 2993">
     <span class='ocr_line' id='line_1_32' title="bbox 281 2702 845 2772; baseline 0.002 -17"><span class='ocrx_word' id='word_1_210' title='bbox 281 2703 393 2756; x_wconf 89' lang='lat' dir='ltr'>Nutritur</span> <span class='ocrx_word' id='word_1_211' title='bbox 406 2715 481 2753; x_wconf 85' lang='lat' dir='ltr'>vento</span> <span class='ocrx_word' id='word_1_212' title='bbox 493 2735 501 2762; x_wconf 97' lang='lat'>,</span> <span class='ocrx_word' id='word_1_213' title='bbox 513 2715 589 2754; x_wconf 81' lang='lat' dir='ltr'>vento</span> <span class='ocrx_word' id='word_1_214' title='bbox 602 2702 753 2769; x_wconf 80' lang='lat' dir='ltr'>restinguitur</span> <span class='ocrx_word' id='word_1_215' title='bbox 765 2703 845 2772; x_wconf 79' lang='lat' dir='ltr'>ignisa</span> 
     </span>
     <span class='ocr_line' id='line_1_33' title="bbox 318 2776 882 2845; baseline 0 -18"><span class='ocrx_word' id='word_1_216' title='bbox 318 2777 390 2827; x_wconf 87' lang='lat' dir='ltr'>Lenis</span> <span class='ocrx_word' id='word_1_217' title='bbox 405 2776 447 2827; x_wconf 87' lang='lat' dir='ltr'>alit</span> <span class='ocrx_word' id='word_1_218' title='bbox 459 2777 590 2837; x_wconf 70' lang='lat' dir='ltr'>flammam,</span> <span class='ocrx_word' id='word_1_219' title='bbox 604 2776 715 2845; x_wconf 82' lang='lat' dir='ltr'>grandior</span> <span class='ocrx_word' id='word_1_220' title='bbox 729 2792 785 2828; x_wconf 87' lang='lat' dir='ltr'>aura</span> <span class='ocrx_word' id='word_1_221' title='bbox 799 2788 882 2828; x_wconf 83' lang='lat' dir='ltr'>necat.</span> 
     </span>
     <span class='ocr_line' id='line_1_34' title="bbox 281 2848 928 2909; baseline 0.002 -9"><span class='ocrx_word' id='word_1_222' title='bbox 281 2850 333 2900; x_wconf 78' lang='lat' dir='ltr'>Aut</span> <span class='ocrx_word' id='word_1_223' title='bbox 346 2851 410 2901; x_wconf 84' lang='lat' dir='ltr'>nulla</span> <span class='ocrx_word' id='word_1_224' title='bbox 421 2850 544 2909; x_wconf 85' lang='lat' dir='ltr'>ebrietas,</span> <span class='ocrx_word' id='word_1_225' title='bbox 558 2863 600 2901; x_wconf 86' lang='lat' dir='ltr'>aut</span> <span class='ocrx_word' id='word_1_226' title='bbox 613 2862 680 2900; x_wconf 89' lang='lat' dir='ltr'>tanta</span> <span class='ocrx_word' id='word_1_227' title='bbox 694 2848 742 2906; x_wconf 90' lang='lat' dir='ltr'>sit,</span> <span class='ocrx_word' id='word_1_228' title='bbox 757 2864 785 2901; x_wconf 91' lang='lat' dir='ltr'>ut</span> <span class='ocrx_word' id='word_1_229' title='bbox 798 2851 842 2901; x_wconf 87' lang='lat' dir='ltr'>tibi</span> <span class='ocrx_word' id='word_1_230' title='bbox 855 2866 928 2905; x_wconf 78' lang='lat' dir='ltr'>curas</span> 
     </span>
     <span class='ocr_line' id='line_1_35' title="bbox 220 2922 900 2993; baseline 0.012 -22"><span class='ocrx_word' id='word_1_231' title='bbox 220 2922 272 2973; x_wconf 84' lang='lat'>810</span> <span class='ocrx_word' id='word_1_232' title='bbox 320 2924 412 2991; x_wconf 87' lang='lat' dir='ltr'>Eripiat</span> <span class='ocrx_word' id='word_1_233' title='bbox 423 2938 431 2977; x_wconf 78' lang='lat' dir='ltr'>t</span> <span class='ocrx_word' id='word_1_234' title='bbox 443 2924 463 2977; x_wconf 83' lang='lat' dir='ltr'>si</span> <span class='ocrx_word' id='word_1_235' title='bbox 475 2940 521 2993; x_wconf 85' lang='lat' dir='ltr'>qua</span> <span class='ocrx_word' id='word_1_236' title='bbox 534 2924 569 2978; x_wconf 82' lang='lat' dir='ltr'>esi</span> <span class='ocrx_word' id='word_1_237' title='bbox 581 2925 645 2977; x_wconf 88' lang='lat' dir='ltr'>inter</span> <span class='ocrx_word' id='word_1_238' title='bbox 658 2934 802 2992; x_wconf 84' lang='lat' dir='ltr'>utramque,</span> <span class='ocrx_word' id='word_1_239' title='bbox 815 2938 900 2979; x_wconf 82' lang='lat' dir='ltr'>nocet·</span> 
     </span>
    </p>
   </div>
   <div class='ocr_carea' id='block_1_4' title="bbox 0 0 1200 3892">
    <p class='ocr_par' dir='ltr' id='par_1_4' title="bbox 0 0 1200 3892">
     <span class='ocr_line' id='line_1_36' title="bbox 0 0 1200 3892; baseline 0 0"><span class='ocrx_word' id='word_1_240' title='bbox 0 0 1200 3892; x_wconf 95' lang='lat' dir='ltr'> </span> 
     </span>
    </p>
   </div>
  </div>
 </body>
</html>
