2392 3892
319 469 808 565 Huuol·urs.E1³.III.
874 500 920 575 ¹3

209 588 270 649 Plus
281 612 329 664 ego
339 600 407 666 quim
418 596 537 655 Phoenix,
548 599 600 663 plus
609 602 679 664 quim
687 599 802 647 facundus
811 598 924 665 Ulysses‚

250 669 308 719 Plus
321 688 367 737 ego
379 674 448 738 quim
459 670 567 730 Teucri,
582 672 692 729 credite,
707 671 781 720 srater
791 688 869 739 agam.
938 682 990 739 130

212 740 252 792 Est
264 744 354 809 aliquid
368 746 458 793 collum
471 743 547 794 solitis
562 744 663 811 tetigisse
679 744 795 802 lacertis,

249 814 423 882 Praesentisque
437 818 523 866 oculos
535 815 679 865 admonuisse
695 816 741 865 sui.

210 886 250 937 sis
266 888 325 937 licet
338 889 454 945 immitis,
471 888 598 953 matrisque
609 889 716 937 ferocior
726 888 797 939 undis
804 906 815 947 ;

248 957 286 1010 Ut
296 973 391 1011 taceam
398 992 406 1017 ,
413 960 526 1026 lacrymis
535 960 697 1010 comminuere
708 962 778 1010 meis.

210 1031 285 1084 Nunc
297 1050 395 1099 quoque
404 1029 414 1092 (
422 1032 457 1081 sic
467 1048 549 1082 omnes
559 1031 646 1082 Peleus
654 1046 723 1099 pater
732 1034 830 1100 impleat
838 1050 925 1095 annos,
939 1057 987 1112 135

237 1101 293 1153 ¹Sic
306 1116 347 1173 eat
357 1104 465 1169 auspiciis
476 1103 580 1172 Pyrrhus
590 1106 616 1155 in
626 1124 690 1155 arma
700 1107 766 1173 tuis)

209 1176 317 1241 Respice
330 1177 443 1227 solicitam
454 1177 576 1238 Briseida,
588 1180 658 1230 sortis
671 1181 786 1239 Achille3

247 1252 303 1299 Nec
317 1251 423 1301 miseram
437 1252 503 1301 lentii
514 1253 609 1303 ferreus
621 1270 665 1303 ure
680 1254 760 1303 mori.

208 1322 278 1382 Aut,
290 1324 311 1373 si
321 1324 402 1374 versus
413 1341 479 1373 amor
489 1336 545 1374 tuus
557 1325 590 1374 est
599 1326 624 1375 in
633 1328 705 1376 taedia
715 1326 790 1376 nostri
798 1360 809 1386 ‚

246 1389 328 1460 Q'uam
340 1398 392 1447 sine
403 1410 429 1445 te
440 1398 507 1464 cogis
519 1398 621 1455 vivere,
634 1409 696 1463 coge
705 1399 776 1448 mori.
933 1411 990 1463 140

210 1468 294 1535 thue
307 1470 383 1527 facis,
397 1485 489 1536 coges:
502 1469 561 1518 abiit
572 1470 706 1536 corpusque
717 1471 849 1537 colorque:

245 1542 354 1593 Sustinet
363 1544 411 1592 hoc
421 1543 505 1591 animae
518 1542 572 1609 spes
582 1556 663 1593 tamen
673 1561 721 1592 una
732 1544 778 1593 tui.

209 1612 265 1680 Qui
275 1617 296 1666 si
308 1616 438 1675 destituor,
450 1629 558 1681 repetam
569 1616 702 1682 fratresque
713 1617 859 1682 virumque:

243 1690 301 1738 Nec
310 1689 353 1738 tibi
364 1687 515 1757 magnificum
526 1688 615 1738 femina
625 1688 684 1755 jussa
693 1691 765 1740 mori.

210 1759 260 1811 Cur
271 1774 352 1811 autem
362 1762 445 1829 jubeas
459 1759 469 1810 l
480 1760 559 1811 strislo
572 1774 629 1828 pete
640 1780 743 1829 corpora
754 1764 837 1814 serto:
939 1764 988 1817 ¹45

244 1834 283 1883 Est
299 1835 371 1893 milii,
385 1836 425 1902 qui
436 1833 496 1885 fosso
508 1834 607 1901 peslore
619 1835 711 1903 sanguis
723 1849 772 1886 eat.

210 1904 251 1956 Me
264 1920 333 1974 petat
343 1908 384 1957 ille
394 1921 464 1966 tuus,
478 1909 534 1975 qui,
545 1910 565 1958 si
577 1908 634 1958 Dea
645 1909 707 1975 passa
718 1908 810 1969 suisset,

244 1980 313 2030 Ensis
327 1982 351 2030 in
362 1981 454 2031 Atridae
463 1982 546 2047 peslus
558 1982 634 2031 iturus
646 1995 707 2033 erat.

211 2049 246 2101 Ah
259 2054 265 2102 l
276 2052 357 2119 potitis
369 2055 448 2104 serves
460 2055 580 2113 nostram,
594 2067 636 2105 tua
647 2073 761 2114 munera,
771 2055 862 2108 vitam:

244 2122 319 2190 Quod
331 2128 433 2179 dederas
443 2127 503 2177 hosti
514 2128 610 2185 vision
623 2129 699 2182 artrica
709 2145 780 2195 rogo.
886 2135 889 2140 '
936 2140 986 2190 150

211 2194 312 2249 Perdere
323 2218 385 2266 quos
397 2201 481 2250 melitis
492 2200 570 2266 possis
581 2233 588 2257 ‚
604 2192 726 2265 Neptunia
737 2201 847 2265 praebent

244 2270 379 2340 Pergama:
395 2272 520 2322 materiam
535 2272 608 2319 caedis
619 2274 649 2319 ab
660 2272 728 2321 hoste
742 2284 810 2337 pete.
888 2286 892 2291 ’

212 2340 250 2393 Me
264 2344 355 2404 modd,
372 2347 424 2397 sive
437 2360 507 2411 paras
518 2344 644 2407 impellere
655 2344 746 2411 remige
759 2342 870 2403 classem,

243 2418 298 2468 Sive
309 2436 412 2478 manes,
424 2417 515 2469 domini
525 2416 579 2483 jure
593 2417 676 2467 venire
687 2416 756 2483 jube.

238 2524 885 2597 e——ss-zd‘sskzssb

314 2640 653 2714 .EPISTOLA
694 2644 763 2707 lv.

286 2772 494 2832 Primum
535 2772 836 2831 H11²1>ozrrm

210 2824 337 2987 Qua,
349 2923 397 2977 nisi
406 2937 434 2975 tu
444 2924 554 2983 dederis,
567 2925 670 2975 caritura
681 2922 714 2973 est
724 2922 789 2989 ipsa,
799 2923 899 2978 salutem

242 3000 320 3051 lldittit
330 2999 468 3051 Amazonio
481 2998 562 3049 Cressa
575 2999 655 3062 puella
668 2999 732 3046 viro.

206 3069 305 3146 Perlege
314 3074 485 3142 quodcumque
496 3072 528 3121 est
540 3089 547 3120 :
559 3071 616 3138 quid
627 3070 724 3134 epistola
733 3069 793 3119 lesia
803 3070 915 3122 nocebit?

241 3139 280 3215 ‚se
288 3163 386 3218 quoque
394 3145 437 3208 ,iu
444 3147 490 3216 hac
497 3144 585 3213 aliquid
593 3141 732 3210 quodjuvet
738 3175 747 3203 ,
757 3141 898 3209 essepotcst.
