2392 3892
279 460 355 512 210
407 438 619 509 Ονιυιι
644 439 892 512 ΝΑεοΝιε

278 561 338 618 Sic,
354 575 386 607 ne
401 558 554 625 perdiderit,
572 574 622 608 non
638 558 710 609 cessat
726 561 831 625 perdere
849 562 935 613 lusor:

313 634 345 683 Er
361 645 464 682 revocat
479 632 577 699 cupidas
594 634 647 681 alea
662 633 747 682 blanda
762 650 856 683 manus.

277 707 334 757 Hoc
346 722 408 772 opus
420 707 482 765 ,'hic
493 707 562 756 labor
572 705 605 755 esl
616 738 624 764 ‚
640 703 716 772 primo
726 706 778 756 sine
788 724 889 757 munere
900 707 970 777 jungi
981 725 990 760 t

314 782 353 830 Ne
370 779 465 829 dederit
482 780 575 847 gratis,
593 796 647 845 quae
663 779 747 837 dedit,
765 796 841 846 usque
857 782 935 833 dabit.

215 862 247 914 45
255 865 267 912 5
279 853 344 921 Ergo
360 865 418 912 eat,
441 854 467 904 ἃ
482 851 574 902 blandis
588 864 716 919 peraretur
730 854 800 903 litera
815 854 917 905 verbis:

317 928 482 992 Exploretque
499 927 609 984 animos,
626 927 748 991 primaque
764 938 845 976 tentet
860 928 920 979 iter.

279 1000 361 1050 Litera
377 999 524 1067 Cydippen,
543 1016 616 1064 pomo
633 1001 744 1063 perlata,
762 1000 871 1051 fefellit:

316 1073 438 1138 Insciaque
455 1072 488 1122 est
503 1072 583 1121 verbis
601 1084 671 1135 capta
686 1073 767 1135 puella
784 1072 840 1121 suis.

279 1147 353 1196 Disce
370 1147 445 1195 bonas
459 1157 542 1201 artes,
559 1160 667 1201 moneo,
686 1144 795 1194 Romana
811 1144 928 1209 juventus
941 1162 951 1205 ;

218 1213 270 1274 460
317 1220 373 1266 Non
389 1215 501 1274 tantcim,
518 1218 627 1282 trepidos
643 1228 671 1265 ut
686 1228 773 1265 tueare
789 1232 856 1267 reos.

281 1290 360 1355 Quam
370 1291 489 1354 populus,
501 1288 623 1356 judexque
634 1290 728 1356 gravis,
739 1290 863 1357 lestusque
876 1292 975 1343 senatus
985 1309 995 1351 ;

315 1362 379 1414 Tam
394 1363 461 1413 dabit
476 1363 574 1429 eloquio
590 1362 653 1412 villa
668 1363 749 1428 puella
766 1380 859 1415 manus.

282 1437 331 1488 Sed
347 1439 439 1487 lateant
452 1436 537 1495 vires,
553 1453 600 1486 nec
616 1436 648 1487 sis
663 1436 688 1485 in
702 1437 785 1486 fronte
801 1438 903 1488 disertus
916 1452 925 1489 a

318 1509 438 1578 Effugiant
455 1526 518 1560 cerae
532 1511 609 1559 ¹uerba
624 1508 723 1559 molesta
738 1521 796 1559 tuae.

219 1576 253 1637 bd
258 1594 271 1641 5
283 1583 361 1648 Quis,
373 1585 419 1633 nisi
430 1583 515 1634 mentis
526 1584 611 1650 inops,
623 1595 716 1632 tenerae
727 1583 846 1633 declamet
856 1585 940 1634 amicae
952 1582 964 1633 ἓ

320 1658 389 1721 Saepe
405 1659 490 1706 valens
508 1657 557 1706 odii
573 1658 643 1705 litera
660 1656 729 1705 causa
746 1656 800 1706 suit.

282 1728 319 1778 Sit
334 1729 378 1778 tibi
395 1730 515 1779 credibilis
532 1730 628 1786 senno,
650 1730 812 1795 consuetaque
826 1730 922 1787 verba3

319 1801 409 1851 Blanda
424 1814 521 1861 tamen,
538 1802 640 1867 praesens
657 1815 685 1851 ut
698 1801 796 1851 videare
813 1803 890 1866 loqui.

283 1873 309 1922 Si
326 1890 375 1923 non
389 1875 494 1939 accipiet
507 1875 639 1939 scriptum,
657 1874 809 1940 illedlumque
825 1875 938 1924 remittet
950 1890 960 1935 ς

220 1960 273 2009 470
318 1945 443 1995 Ledluram
462 1947 549 2010 spera,
567 1947 766 2011 propositumque
781 1959 849 1995 tene.

282 2018 406 2085 Tempore
424 2016 648 2070 difficiles-veniunt
662 2021 692 2069 ad
707 2032 785 2069 aratra
800 2018 923 2084 juvenci:

318 2092 526 2159 Temporelenta
542 2093 593 2158 pati
608 2092 676 2142 frena
695 2092 814 2142 docentur
830 2094 898 2159 equi.

284 2167 388 2216 Ferreus
405 2167 502 2218 assiduo
519 2166 665 2216 consumitur
681 2168 782 2215 annulus
798 2166 863 2215 usu:

321 2240 408 2290 lnterit
425 2239 520 2291 assidud
535 2256 621 2290 vomer
636 2240 743 2289 aduncus
759 2241 842 2288 humo.

222 2325 272 2373 475
286 2311 353 2375 Quid
367 2315 441 2380 magis
457 2313 490 2362 est
505 2314 561 2362 saxo
577 2314 662 2361 durum
675 2310 686 2359 ἓ
703 2312 761 2377 quid
776 2312 872 2360 mollius
888 2311 978 2361 undd?

322 2386 392 2452 Dura
410 2397 491 2435 tamen
507 2386 574 2434 molli
593 2386 647 2434 saxa
664 2382 867 2452 cavanturaqui.

284 2455 424 2521 Penelopen
439 2458 528 2520 ipsam,
550 2456 626 2520 persta
644 2454 735 2512 modo,
752 2467 864 2520 tempore
883 2456 981 2508 vinces.

322 2528 399 2594 Capta
415 2529 484 2577 vides
500 2526 553 2577 serd
570 2528 707 2594 Pergam
725 2540 796 2593 capta
811 2540 913 2580 tament

285 2601 402 2669 Legerit,
421 2602 447 2651 δι
464 2603 525 2651 nolit
542 2601 695 2659 rescribere3
715 2617 805 2668 cogere
822 2603 881 2651 noli.
909 2613 911 2617 '

223 2674 276 2735 480
322 2676 362 2725 Tu
379 2674 452 2725 modd
467 2675 594 2725 blanditias
612 2669 734 2742 fac'legat
750 2692 827 2741 usque
843 2688 907 2725 tuas.

287 2748 350 2812 Quae
367 2750 446 2800 voluit
460 2749 560 2817 legisse,
579 2750 648 2798 volet
665 2749 797 2798 rescribere
814 2749 899 2798 leslisz

324 2821 371 2871 Per
389 2841 503 2874 numeros
519 2824 619 2874 venient
634 2822 675 2872 isla
692 2822 826 2890 gradusque
842 2823 908 2871 suos.

286 2894 396 2945 Forsitan
414 2898 440 2947 δι
456 2896 533 2963 primi>
550 2898 635 2947 veniet
651 2897 694 2946 tibi
708 2897 778 2945 litera
792 2893 861 2945 tristis
874 2909 883 2951 ς

324 2968 435 3035 Quaeque
454 2983 543 3038 roget,
560 2987 591 3019 ne
609 2969 633 3019 se
648 2968 767 3019 solicitare
780 2966 851 3015 velis.

225 3036 258 3097 48
263 3051 275 3101 5
287 3036 364 3101 Quod
373 3055 444 3107 rogat
452 3043 650 3108 illa,timet:quod
661 3058 709 3089 non
718 3049 907 3106 rogat,optat‚ut
916 3036 999 3093 instes.

326 3111 477 3177 Insequere3
499 3116 526 3166 δι
542 3117 595 3166 voti
611 3111 736 3179 postmodo
751 3126 851 3180 compos
867 3113 925 3165 eris.
