2392 3892
424 412 473 481 26
521 410 562 478 P.
594 410 780 478 Omma
806 410 1025 481 Nasonis

423 532 476 579 Nec
489 530 551 577 facie
561 529 684 578 meritisve
695 531 790 595 placet,
804 531 843 579 sed
854 534 958 582 carmine
969 535 1064 587 movit}

460 604 568 668 Diraque
586 603 681 651 cantati
696 604 780 668 pabula
792 603 854 653 falce
863 606 942 657 metit.

376 666 409 729 85
424 678 465 727 llla
482 676 640 726 reluslantem
651 692 722 726 curru
733 675 855 726 deducere
866 676 957 728 Lunam

460 751 569 808 Nititur,
583 750 610 801 δι
619 749 727 800 tenebris
735 749 825 800 abdere
836 750 899 801 Solis
915 769 1003 819 equos.

425 824 470 875 llla
481 824 589 874 refrenat
597 840 686 889 aquas,
700 824 845 891 obliquaque
854 824 951 874 flumina
961 826 1042 880 sistite

463 898 507 947 llla
516 899 573 947 loco
587 898 659 948 silvas
672 930 680 955 ,
695 897 797 963 vivaque
810 914 869 947 saxa
878 910 971 949 movet.

426 970 474 1022 Per
482 972 587 1021 tumulos
597 983 663 1020 errat
672 972 747 1037 passis
763 971 872 1020 discinsla
882 971 991 1037 capillis,

376 1047 413 1099 90
463 1044 585 1109 Certaque
598 1044 628 1092 de
639 1045 726 1109 tepidis
737 1045 831 1110 colligit
842 1044 889 1094 offa
900 1046 982 1111 rogis,

425 1118 544 1168 Devovet
553 1116 662 1165 absentes
672 1150 681 1172 ‚
690 1117 863 1181 simulacraque
872 1133 945 1166 cerea
960 1117 1031 1186 figit,

462 1190 494 1240 Et
503 1189 614 1240 miserunt
622 1201 709 1239 tenues
719 1190 744 1238 in
755 1188 825 1255 jecur
836 1201 907 1255 urget
916 1206 973 1239 acus
985 1208 993 1241 ι

425 1264 458 1313 Et
468 1280 522 1329 quae
532 1262 659 1312 nescierim
674 1261 769 1314 melitis·
783 1261 852 1313 Male
864 1264 979 1328 quaeritur
989 1264 1064 1316 herbis

462 1337 574 1387 Moribus
591 1338 618 1387 &
631 1337 708 1387 forma
727 1336 912 1395 conciliandus,
927 1354 1004 1387 amor.

378 1414 411 1468 95
426 1412 497 1462 Hanc
507 1391 584 1476 potes
590 1411 700 1475 amplesli
712 1410 723 1459 ἓ
735 1410 890 1475 thalamoque
900 1411 999 1461 relistus
1010 1413 1034 1462 in
1043 1430 1064 1463 ur

463 1485 600 1550 lmpavidus
610 1484 710 1541 somno,
723 1482 795 1531 nosle
811 1484 918 1542 silente,
929 1484 975 1533 frui
987 1485 1001 1534 ?

426 1558 527 1609 Scilicet
537 1571 563 1606 ut
576 1569 676 1615 tauros,
695 1556 729 1605 ita
750 1568 777 1605 te
792 1555 850 1623 juga
866 1556 930 1606 serre
942 1559 1042 1625 co'e'git:

464 1631 568 1695 Quaque
585 1630 651 1679 feros
668 1646 773 1696 angues,
787 1642 812 1679 te
822 1646 919 1695 quoque
938 1633 1064 1697 mulceto]

427 1703 514 1761 Adde,
525 1702 591 1769 quod
600 1702 684 1752 ascribi
693 1702 760 1752 fastis
770 1719 946 1769 procerumque
956 1705 1053 1771 tuisque

364 1784 414 1822 100
464 1776 497 1825 Se
507 1776 573 1825 favet
584 1793 592 1832 3
606 1776 631 1826 δι
640 1776 713 1825 titulo
726 1775 836 1843 conjugis
847 1793 909 1826 uxor
917 1776 995 1825 obest.

428 1849 511 1915 Atque
521 1850 606 1915 aliquis
619 1848 694 1899 Peliae
708 1848 738 1897 de
750 1851 856 1914 partibus
868 1849 920 1899 afta
931 1850 1033 1900 venenis

466 1923 586 1987 Imputat:
599 1922 763 1987 &populum
774 1922 814 1987 qui
822 1922 866 1973 sibi
876 1922 975 1981 credat,
986 1924 1064 1975 haben

429 1997 487 2046 Non
500 1996 552 2045 haec
567 1992 712 2053 AEsonides,
731 1993 771 2044 sed
786 1994 882 2045 Phasias
890 1994 991 2047 AEdtine

467 2068 549 2118 Aurea
558 2068 675 2135 Phryxeae
684 2080 753 2134 terga
761 2070 860 2119 revellit
869 2069 931 2118 ovis.

365 2141 413 2191 105
431 2144 488 2195 Non
498 2144 585 2208 probat
596 2142 721 2193 Alcimede
731 2154 871 2199 matertua3
881 2141 979 2192 consule
988 2154 1064 2194 matre

468 2219 526 2267 Non
535 2230 622 2283 pater,
637 2234 651 2265 a
665 2217 746 2285 gelido
759 2217 798 2265 cui
809 2216 876 2265 venit
887 2232 932 2265 axe
945 2233 1028 2266 nurus.

430 2292 474 2341 llla
482 2291 527 2340 sibi
538 2290 618 2340 Tanai
633 2291 786 2357 Scythiaeque
797 2288 921 2354 paludibus
930 2288 984 2337 udae

467 2362 583 2425 Quaerat,
596 2364 622 2412 dt
632 2379 644 2409 a
656 2362 733 2426 patria
743 2360 857 2409 Phasidos
868 2358 942 2423 usque
952 2390 960 2416 ‚
969 2360 1060 2417 virum.

430 2435 533 2490 Mobilis
540 2433 672 2490 AEsonide‚
683 2432 805 2497 veranue
816 2431 934 2479 incertior
947 2432 1019 2492 auth,

366 2508 416 2546 ¹10
469 2506 520 2556 Cur
532 2519 573 2555 rna
583 2505 694 2571 pollicito
705 2504 813 2569 pondere
827 2503 901 2552 verba
910 2505 1015 2556 carent?

391 2619 393 2624 ,
430 2582 477 2636 Vir
485 2579 614 2629 meushinc
624 2578 702 2633 ieras,
716 2577 753 2627 vir
762 2593 811 2626 non
819 2593 886 2626 meus
898 2578 954 2628 inde
969 2580 1064 2635 redisti:

467 2650 517 2703 Sim
526 2650 622 2701 reducis
632 2649 687 2713 conj
693 2667 725 2699 ux
735 2683 742 2706 ‚
757 2649 820 2700 sicut
831 2650 910 2701 euntis
922 2669 996 2704 eram.

432 2726 497 2777 site
513 2724 625 2773 nobilitas
640 2722 804 2791 generosaque
814 2725 909 2775 nomina
917 2740 1035 2797 tangunt,

470 2798 506 2847 En
518 2815 565 2865 ego
574 2796 664 2847 Minoo
674 2808 729 2847 nata
740 2796 853 2849 Thoante
865 2800 941 2850 seror.

367 2875 378 2912 Ι
390 2871 419 2923 ¹5
433 2872 541 2923 Bacchus
552 2890 628 2930 avus;
639 2872 727 2922 bacchi
738 2871 827 2938 conjux
838 2873 948 2923 redimita
956 2872 1064 2936 euroni,

470 2944 600 2995 Praeradiat
611 2946 682 2996 stellis
692 2945 756 3013 signa
771 2947 863 2996 minora
876 2946 932 2996 suis.

433 3018 489 3070 Dos
497 3019 541 3068 tibi
550 3019 654 3070 Lemnos
665 3021 711 3069 erit
721 3054 728 3077 ,
740 3032 804 3069 terra
813 3017 935 3083 ingeniosa
943 3019 1053 3075 colentia

470 3091 515 3143 Me
525 3108 622 3164 quoque
630 3109 669 3147 res
678 3094 739 3147 tales
747 3094 811 3145 inter
820 3091 909 3145 habere
915 3102 998 3159 potes·
