2392 3892
235 415 287 503 46
335 413 376 481 P.
408 413 591 481 Or'rurr
621 415 839 483 Nasoms

191 547 221 595 25
235 532 282 581 ibis
295 532 430 597 Cecropios
443 548 527 599 portus
538 552 546 591 3
561 534 685 600 patriaque
696 546 828 597 receptus,

272 603 333 654 Ciuu
343 605 435 656 steteris
447 608 510 656 urbis
521 608 597 658 celsus
608 608 633 655 in
643 622 699 655 arce
710 616 758 655 tuae
771 623 780 664 ς

234 676 266 727 Et
275 679 338 728 bene
349 679 450 729 narraris
461 682 534 729 letum
544 681 654 747 taurique
663 678 773 743 virique,

270 750 388 819 Sestaque
399 767 443 818 per
454 753 537 803 dubias
548 754 617 805 saxea
628 752 691 805 teila
701 753 751 801 vias
762 766 772 810 ;

233 820 278 873 Me
291 842 387 891 quoque
398 839 495 876 narrato
507 826 555 876 soli
566 828 654 876 tellure
664 825 768 876 resistam
778 840 789 884 ὅ

170 907 220 963 130
270 898 327 947 Non
337 916 385 966 ego
395 898 443 948 sum
454 900 529 950 titulis
538 901 684 967 surripienda
693 899 751 949 tuis.

233 971 287 1020 Nec
298 984 367 1036 pater
378 971 410 1021 esi
419 971 511 1039 AEgeus
522 990 531 1030 ς
551 990 597 1023 nec
607 986 633 1022 tu
644 971 782 1022 Pittheidos
793 968 889 1023 AEthrae

270 1045 342 1093 Filius
354 1058 362 1095 r
373 1044 482 1093 aussores
492 1046 546 1095 saxa
557 1047 693 1111 fretumque
703 1045 748 1096 tui.

233 1115 268 1165 Di
279 1117 388 1165 facerent
399 1148 406 1173 ,
425 1129 453 1165 ut
463 1133 501 1166 me
514 1116 602 1166 summi
613 1117 643 1166 de
652 1134 732 1183 puppe
740 1117 838 1167 videres
852 1114 859 1166 !

269 1187 383 1241 Movisset
393 1190 473 1238 vultus
482 1188 559 1239 maesla
569 1188 646 1257 figura
654 1203 719 1240 tuos.

171 1275 219 1330 135
231 1260 305 1312 Nunc
313 1277 409 1327 quoque
416 1279 465 1312 nou
472 1263 615 1323 oculis,sed,
623 1263 670 1331 qui
676 1277 761 1329 potes,
775 1262 854 1329 aspice
861 1272 939 1312 mente

270 1333 410 1385 Haerentem
422 1335 539 1402 scopulo,
560 1355 631 1404 quern
640 1354 700 1404 vaga
709 1336 786 1403 pulsat
797 1352 869 1402 aqua.
893 1399 897 1406 x

232 1406 322 1473 Aspice
340 1409 449 1459 demissos
461 1412 565 1477 lugentis
575 1411 600 1459 in
611 1427 654 1460 ore
664 1412 764 1475 capillos
775 1443 784 1467 ,
811 1422 815 1429 '

271 1482 302 1531 Et
313 1483 406 1532 tunicas
417 1483 528 1551 lacrymis
540 1517 547 1542 ,
565 1483 628 1533 sicut
638 1485 668 1532 ab
680 1483 773 1541 imbre,
794 1496 890 1549 graves.

234 1554 330 1620 corpus
341 1590 348 1615 ‚
367 1568 395 1605 ut
405 1555 509 1620 impulsae
520 1556 615 1623 segetes
627 1555 802 1621 Aquilonibus,
814 1557 898 1603 horret
909 1570 917 1605 ε

172 1645 221 1693 140
269 1629 398 1693 Litetaque
407 1629 510 1677 articulo
519 1629 595 1695 pressa
607 1641 726 1680 tremente
737 1629 812 1678 labat.

232 1702 289 1750 Non
298 1714 324 1749 te
334 1718 379 1767 pet
387 1701 498 1751 meritum
510 1734 518 1760 ,
540 1703 652 1767 quoniam
663 1704 725 1752 male
737 1702 828 1758 cessit,
844 1705 939 1762 adoro;

269 1773 360 1824 Debita
369 1773 400 1824 sit
409 1774 472 1824 saslo
482 1775 557 1841 gratia
571 1777 636 1825 nulla
648 1792 703 1826 meo
716 1791 725 1827 t
807 1837 810 1843 .

165 1838 170 1847 '
232 1845 280 1895 Sed
292 1862 336 1896 nec
350 1863 421 1913 poena
431 1848 525 1913 quidem
537 1863 544 1897 ε
557 1848 576 1897 si
589 1866 638 1898 non
650 1866 697 1915 ego
709 1848 777 1898 causa
787 1847 886 1910 salutis,

269 1919 326 1968 Non
337 1931 418 1969 tamen
428 1919 461 1969 est
471 1937 513 1970 cur
523 1920 555 1970 sis
564 1932 591 1969 tu
602 1923 660 1970 mihi
671 1923 739 1972 causa
748 1922 827 1974 necis.

170 1996 219 2050 143
233 1989 283 2041 Has
293 1992 354 2051 tibi,
372 1993 509 2059 plangendo
520 1994 629 2059 lugubria
640 1995 736 2059 pestora
748 1992 834 2053 lassas,

269 2065 357 2115 Infelix
366 2067 442 2116 tendo
452 2078 517 2115 tram
529 2066 591 2116 sreta
601 2068 674 2134 longa
685 2061 778 2116 manus.

233 2137 286 2188 Hos
297 2140 340 2189 tibi
352 2174 359 2197 ,
378 2140 418 2207 qui
429 2140 557 2207 superant,
577 2140 677 2190 ostendo
687 2138 764 2189 maesta
775 2138 885 2204 capillos·

269 2212 315 2264 Per
325 2216 443 2281 lacrymas
452 2230 515 2272 oro,
530 2230 590 2280 quas
601 2227 642 2264 tua
653 2214 712 2263 salla
726 2224 825 2262 movent
836 2228 843 2261 :

232 2285 399 2336 uertentem
409 2319 417 2343 ,
434 2287 531 2336 Theseu
541 2304 550 2343 ς
569 2287 688 2352 versoque
698 2286 808 2333 relabere
817 2286 887 2338 velo.

170 2366 221 2419 150
268 2358 293 2407 Si
303 2356 367 2423 priris
377 2358 492 2408 occidero
505 2392 512 2417 ‚
530 2370 557 2408 tu
568 2369 650 2408 tamen
660 2356 707 2407 elsa
716 2357 794 2422 leges.
820 2387 822 2390 -

263 2486 885 2536 e=====r„s=-=.-—-=

363 2584 704 2649 EPISTOLA
747 2586 810 2651 XI.

300 2713 872 2776 caracallarum

236 2807 274 2924 S
284 2886 293 2918 ι
305 2888 350 2935 qua
359 2884 440 2921 tamen
451 2871 521 2921 caecis
531 2871 644 2921 errabunt
654 2870 739 2937 scripta
750 2869 827 2920 lituris
837 2902 846 2928 ,

268 2944 364 2992 Oblitus
375 2962 388 2991 a
399 2945 500 2993 dominae
512 2945 578 2993 caede
588 2946 682 2993 libellus
692 2945 748 2992 erit.

228 3015 402 3069 Dextra‘tenet
412 3017 527 3065 calamum
537 3050 544 3075 ‚
556 3016 655 3065 [isitium
665 3026 734 3064 tener
742 3015 817 3065 altera
826 3015 849 3066 se

266 3088 298 3140 Et
305 3086 373 3156 jacet
382 3088 407 3138 iu
418 3089 512 3157 gremio
522 3089 605 3139 charta
613 3089 689 3139 soluta
699 3102 766 3144 meo.
