2392 3892
262 428 314 519 96
363 426 404 492 P.
434 423 619 491 Orrnrr
646 423 868 492 NAsours

371 686 713 755 EPISTOLA
754 688 862 753 XIX.

402 825 537 883 Hrno
580 821 833 882 Leannrro.

264 908 356 1070 Qu
367 995 383 1028 n
393 992 417 1027 nr
428 977 485 1026 mihi
496 975 573 1026 misisti
585 975 683 1033 verbis,
697 975 808 1027 Leandre
819 1011 826 1035 ,
838 978 948 1037 salutem,

337 1054 370 1103 Ut
387 1052 474 1117 possim
488 1049 574 1098 missam
593 1050 665 1097 rebus
682 1050 791 1109 habere,
811 1053 875 1101 veni.

263 1127 347 1191 Longa
364 1141 430 1172 mora
444 1122 476 1171 esi
491 1123 559 1170 nobis
575 1121 671 1177 omnis,
691 1138 744 1187 quae
760 1125 846 1189 gaudia
859 1122 942 1175 dissert·

301 1198 340 1245 Da
353 1196 447 1245 veniam
462 1193 523 1243 sassae
536 1210 544 1250 3
563 1209 612 1243 non
628 1193 749 1257 patienter
763 1213 828 1246 emo.

242 1270 362 1343 5UrImur
376 1268 432 1335 igne
446 1267 517 1333 pari,
534 1266 574 1315 sed
590 1266 639 1315 sum
654 1266 696 1316 tibi
711 1267 801 1319 viribus
814 1270 907 1337 impar:

302 1342 398 1393 Fortius
412 1340 533 1408 ingenium
548 1339 652 1404 suspicor
666 1338 712 1389 esse
727 1342 794 1391 viris.

266 1418 303 1469 Ut
318 1432 406 1481 corpus
423 1415 533 1469 teneris,
548 1414 581 1461 ita
595 1428 662 1462 meus
679 1410 786 1473 infirma,
802 1415 906 1481 puellis:

303 1488 441 1546 Deficiam3
461 1485 528 1552 parvi
543 1486 660 1551 temporis
677 1485 739 1534 adde
755 1504 857 1537 moram.
936 1478 941 1487 ⁴

266 1566 338 1621 Vos,
356 1559 428 1611 modd
444 1558 576 1617 venando,
590 1554 664 1607 modi>
680 1574 719 1606 rus
734 1561 831 1625 geniale
847 1561 961 1617 colendo,

226 1657 257 1695 ιο
302 1635 394 1688 Ponitis
410 1636 435 1682 in
449 1633 513 1683 vatia
528 1644 639 1697 tempora
653 1631 726 1697 longa
739 1633 817 1683 mori.

267 1710 317 1760 Aut
332 1707 384 1757 sora
398 1723 443 1755 vos
457 1706 579 1762 retinent,
594 1716 635 1753 aut
651 1703 727 1753 unda
741 1704 804 1755 dona
818 1706 947 1771 palestre:

251 1801 254 1806 ¹
301 1780 319 1830 F
322 1778 408 1829 lesiitis
427 1790 468 1827 aut
482 1778 552 1827 freno
570 1778 633 1826 colla
650 1776 755 1843 sequacis
772 1779 838 1845 equi.

265 1854 337 1903 Nunc
347 1854 472 1901 volucrem
488 1852 591 1915 sequen,
612 1865 675 1899 nunc
686 1848 773 1914 piscem
784 1850 870 1903 ducitis
880 1853 962 1902 hamo:

301 1926 411 1974 Diluitur
426 1923 508 1989 posito
524 1922 600 1972 serior
615 1922 676 1971 hora
693 1938 771 1973 mero·

224 2018 253 2066 15
265 1999 310 2049 His
326 1997 381 2047 mihi
397 1997 530 2051 submotae,
547 1995 590 2044 vel
602 1994 623 2045 si
637 1994 714 2045 minus
729 1996 819 2047 aeriter
836 2014 910 2056 urar,

302 2070 377 2135 Quod
391 2070 494 2127 sariam,
511 2065 633 2133 superest,
649 2081 846 2133 praeteramare,
863 2070 932 2120 nihss.
956 2065 967 2072 ’

265 2144 340 2210 Quod
351 2141 471 2210 superest,
487 2140 569 2192 facio:
581 2154 673 2207 teque,
692 2140 707 2190 ὃ
718 2158 771 2190 mea
783 2142 832 2192 sola
842 2144 964 2208 voluptas,

300 2217 355 2267 Plus
366 2211 461 2285 quoque
474 2249 481 2274 ,
493 2217 562 2282 quim
574 2214 642 2265 reddi
653 2215 717 2280 quod
727 2215 784 2263 mihi
795 2216 872 2280 possit
883 2248 891 2275 ,
904 2231 965 2265 anto.

168 2331 170 2335 .
263 2291 314 2342 Aut
329 2306 375 2356 ego
393 2307 446 2338 curn
463 2306 516 2338 cara
532 2288 562 2337 de
578 2301 604 2337 te
620 2288 714 2336 nutrice
730 2286 841 2347 susurro;

220 2382 253 2417 20
300 2360 411 2426 Quaeque
429 2375 512 2417 tuum,
533 2360 626 2415 miror,
646 2359 715 2407 causa
733 2373 842 2410 moretur
857 2360 914 2412 iter.

263 2435 313 2485 Aut
329 2450 392 2482 mare
410 2434 573 2498 prospiciens,
592 2430 676 2479 odioso
691 2432 786 2481 concita
802 2448 879 2485 vento

300 2503 413 2570 Corripio
428 2506 508 2553 verbis
521 2519 618 2568 aequora
633 2520 701 2567 paene
718 2506 785 2555 tuis:

262 2580 312 2630 Aut
326 2576 366 2627 ubi
382 2577 477 2627 saevitiae
493 2577 589 2643 paulu'm
608 2575 685 2643 gravis
701 2578 764 2627 unda
782 2577 892 2638 remisit,

298 2650 365 2703 Posse
382 2650 495 2717 quidem,
515 2649 556 2698 sed
572 2662 598 2699 te
614 2651 679 2699 nolle
696 2651 797 2709 venire,
814 2667 924 2719 queror:

218 2744 250 2791 25
263 2727 374 2792 Dumque
385 2724 596 2792 querordamymae
604 2725 755 2788 perimentia
765 2724 853 2774 lumina
861 2734 967 2783 manant,

298 2799 390 2850 Pollice
406 2815 462 2864 quas
477 2798 580 2846 tremqu
596 2798 690 2847 conscia
707 2798 781 2847 siccat
798 2815 867 2848 anus.

262 2873 332 2938 Saepe
349 2873 404 2928 tui,
424 2871 521 2937 spesio,
540 2871 559 2919 si
572 2871 619 2919 sint
633 2871 657 2920 in
674 2872 745 2920 litore
763 2869 860 2936 paffus:

299 2946 424 3010 impositas
442 2957 562 3009 tamquam
580 2945 659 2993 servet
678 2960 749 2992 arena
765 2955 845 2993 notas.

262 3018 345 3081 thue
356 3033 440 3084 rogem
452 3017 481 3065 de
493 3031 535 3073 te,
551 3016 576 3065 8<
587 3016 684 3066 scribam
695 3014 752 3072 tibi,
767 3016 849 3079 siquis
860 3016 951 3084 Abydo

219 3103 252 3156 30
298 3090 421 3150 Venerit,
439 3103 480 3140 aut
492 3105 593 3157 quaere,
611 3089 631 3139 si
645 3087 697 3156 quis
715 3088 820 3155 Abydon
835 3104 885 3142 eat.

832 3230 835 3237 Ι
902 3160 968 3229 Qut
