2392 3892
274 532 278 539 '
346 531 634 603 Hnnomns.
661 536 737 604 ΕΡ.
761 539 801 605 V.
876 554 923 626 19

237 667 891 748 3....-.qffi==....4

383 786 670 850 EPISTOLA
711 788 751 849 Ἄ

328 935 530 994 OEnonn
571 932 801 1000 Panion

215 1022 926 1155 Perlegishnconjuxptohibetnova?periegetnonest

252 1158 298 1207 iiia
311 1160 438 1225 Mycenaei
448 1162 517 1210 litera
528 1161 588 1228 facia
597 1176 679 1209 manu.

213 1229 316 1298 Pegasis
331 1231 443 1291 <Enone¹
459 1233 566 1301 Phrygiis
582 1232 740 1282 celeberrima
750 1231 834 1293 silvis,

251 1303 318 1353 Laesa
331 1322 419 1371 queror
431 1307 461 1355 de
472 1319 514 1364 te,
527 1308 546 1355 si
558 1306 614 1355 sinis
626 1306 692 1370 ipse,
708 1321 772 1354 meo.

215 1375 279 1441 Quis
291 1377 361 1428 Deus
372 1379 483 1444 opposuit
494 1378 579 1426 nostris
591 1378 630 1424 sua
642 1377 737 1423 numina
748 1376 829 1427 votis?
936 1400 950 1452 ς

252 1451 291 1499 Ne
302 1463 345 1499 tua
355 1466 523 1515 permaneam,
537 1448 602 1513 quod
613 1448 669 1496 mihi
680 1447 768 1496 crimen
782 1448 868 1499 obest?

214 1521 316 1572 Leniter
328 1555 336 1580 ,
348 1539 380 1572 ex
392 1522 479 1571 merito
491 1521 606 1588 quicquid
616 1520 708 1586 patiare
719 1553 726 1577 ,
738 1519 863 1572 ferendum
873 1522 925 1577 est:

252 1594 317 1659 Quae
326 1595 395 1645 venit
404 1594 507 1663 indignae
517 1612 603 1661 poena,
615 1592 721 1643 dolenda
732 1593 809 1644 venit.

214 1668 331 1719 Nondum
342 1680 421 1718 tantus
433 1685 504 1726 eras,
517 1666 571 1718 etim
582 1679 608 1717 te
620 1677 736 1716 contenta
746 1668 849 1728 marito,

247 1741 319 1791 Edita
330 1742 359 1791 de
374 1758 460 1809 magno
470 1740 568 1800 flumine
579 1739 707 1807 Nympha,
719 1739 762 1790 fui.

215 1813 269 1878 Qui
283 1830 346 1863 nunt
361 1813 508 1873 Priamides,
525 1811 536 1879 (
546 1814 608 1862 adsit
618 1813 753 1862 reverentia
763 1815 845 1884 vero)

254 1887 344 1937 Servus
356 1904 407 1938 eras
419 1903 426 1937 t
440 1887 509 1938 servo
520 1889 612 1936 nubere
622 1887 735 1954 Nympha
746 1888 799 1937 tuli.

217 1960 289 2025 Saepe
301 1977 386 2029 greges
397 1961 459 2011 inter
470 1960 633 2026 requievimus
644 1962 729 2010 arbore
742 1962 798 2012 tecti
808 1978 818 2021 3
898 1994 902 2001 ·

254 2032 381 2100 Mixtaque
394 2050 448 2084 cum
458 2035 522 2085 foliis
531 2034 632 2099 praebnit
642 2035 717 2084 herba
727 2046 817 2087 torum.

217 2106 289 2172 Saepe
300 2106 369 2173 super
380 2106 496 2168 stramen,
509 2108 623 2173 foenoque
634 2107 767 2173 jacentibus
776 2110 844 2169 alto,

253 2180 361 2232 Defensa
372 2180 405 2230 est
415 2182 497 2230 humili
507 2198 564 2230 cana
576 2182 660 2246 pruina
671 2180 736 2231 cesi.

218 2249 282 2315 Quis
294 2254 337 2303 tibi
347 2253 491 2303 monstrabat
500 2255 570 2303 saltus
581 2254 707 2303 venatibus
718 2264 805 2319 aptos,

255 2325 286 2375 Et
298 2339 395 2394 tegeret
406 2328 499 2376 catulos
510 2325 556 2391 qui
566 2326 617 2373 iera
627 2340 687 2389 rupe
697 2324 751 2374 suos
761 2322 772 2371 i

218 2396 292 2449 Retia
302 2399 363 2464 saepe
376 2416 459 2449 comes
470 2398 568 2447 maculis
579 2396 682 2447 distincta
694 2396 807 2448 tetendit

255 2471 325 2537 Saepe
336 2472 397 2521 citos
408 2473 448 2539 egi
458 2489 502 2538 per
510 2470 567 2538 juga
578 2472 650 2538 longa
661 2486 743 2524 canes.
781 2492 791 2508 ·

218 2542 301 2595 incisae
315 2545 410 2594 servant
420 2562 434 2592 a
444 2558 469 2595 te
481 2562 533 2594 mea
544 2545 641 2594 nomina
654 2544 702 2611 fagi
713 2558 722 2596 ε

253 2617 286 2669 Et
296 2618 366 2684 legor
378 2617 485 2675 OEnone,
501 2618 564 2667 falce
574 2629 674 2675 notata,
685 2629 727 2667 tua
736 2631 745 2667 t

216 2688 247 2741 Et
258 2702 374 2757 quantum
384 2692 464 2740 trunci
473 2723 481 2749 ,
491 2703 584 2742 tantum
593 2706 648 2739 mea
657 2690 753 2740 nomina
762 2689 884 2743 cresctmt·

254 2763 365 2813 Crescite
377 2799 384 2823 ,
399 2763 424 2813 &
435 2764 460 2812 in
471 2764 555 2813 titulos
568 2762 657 2829 surgite
666 2763 731 2812 resta
741 2778 819 2814 meos.

219 2831 325 2901 Populus
337 2835 371 2884 est
381 2867 388 2891 ,
399 2835 511 2894 memini,
526 2836 616 2886 fluviaii
627 2836 721 2886 consita
731 2834 799 2899 cipi,

255 2910 293 2959 Est
307 2910 334 2959 in
350 2907 398 2975 qui
411 2907 483 2956 nostri
499 2908 568 2957 litera
581 2907 667 2972 scripta
680 2923 782 2956 memor.

221 2977 312 3047 Popule
321 3015 329 3040 ,
339 2983 395 3030 vive
406 2997 511 3046 precor,
524 2997 576 3046 quae
587 2980 680 3029 consita
690 2980 795 3047 margine
804 2981 880 3050 εἶρε,

220 3077 223 3081 ’
255 3053 311 3104 Hoc
328 3055 351 3103 in
365 3054 453 3120 rugoso
470 3054 561 3103 cortice
579 3069 675 3103 carmen
689 3054 780 3105 habes:

221 3123 281 3175 (iim
298 3126 363 3177 Paris
381 3127 476 3176 OEnone
492 3126 583 3192 poterit
601 3126 688 3193 spirare
701 3124 798 3187 relitta,

255 3198 295 3251 Ad
304 3199 398 3253 iontem
407 3199 498 3253 Xanthi
509 3200 577 3253 versa
586 3211 698 3253 recurret
709 3216 780 3269 aqua.
