2392 3892
332 478 612 549 Hrnornrn
637 479 714 547 Er.
743 479 800 549 II.
860 424 863 430 ⁵
897 494 925 569 9

212 592 286 664 sepe
296 615 447 648 venenorum
457 598 510 648 sitis
521 597 554 648 est
564 597 622 647 mihi
634 614 641 649 t
654 598 716 664 saepe
727 598 827 649 cruenti

253 670 389 736 Traiectam
401 672 481 739 gladio
494 684 573 721 morte
583 673 664 736 perire
675 670 754 736 juvat.
938 690 988 739 140

216 741 288 793 Colla
300 762 411 810 quoque,
423 744 500 794 infidis
512 746 567 810 quia
577 746 601 794 se
612 745 729 793 neslenda
739 743 837 795 lacertis

254 814 428 875 Praebuerim,
440 818 532 883 laqueis
543 816 681 882 implicuisse
692 819 761 868 libet.

213 888 270 938 Stat
280 906 341 939 nece
352 890 446 938 maturi
455 902 566 938 tenerum
579 890 678 953 pensare
689 892 821 956 pudorem:

252 962 281 1009 ln
292 962 359 1011 necis
371 962 450 1011 eleslu
461 978 533 1026 parva
545 961 625 1009 sutura
635 979 702 1012 mora
713 962 755 1011 esl.

212 1031 350 1083 Inscribere
361 1050 417 1082 meo
429 1050 499 1082 causa
511 1033 625 1082 invidiosa
636 1035 745 1100 sepulcro
756 1050 764 1085 z
939 1048 987 1099 145

254 1106 361 1154 Authoc
370 1139 376 1163 ,
384 1106 513 1164 autsimili,
525 1108 628 1157 carmine
639 1121 711 1159 notus
722 1108 780 1158 eris.

212 1176 328 1244 Phyllida
339 1178 503 1244 Demophoon
513 1181 563 1230 leto
574 1180 656 1240 dedit,
667 1181 755 1248 hospes
767 1189 888 1231 amantem
898 1192 907 1229 t

253 1251 299 1301 Ille
311 1252 366 1301 neci
376 1268 471 1301 cansam
481 1253 600 1318 praebuit,
612 1255 653 1304 illa
663 1272 767 1306 manum.

237 1362 891 1435 ‚marma

202 1437 207 1446 ’
368 1480 656 1545 EPISTOLA
697 1479 777 1542 111.

311 1598 541 1661 Bnrsers
583 1600 831 1658 Acrrrzrr.

216 1667 253 1788 s
293 1767 360 1804 unm
371 1754 447 1821 legis,
459 1772 471 1804 a
483 1752 549 1820 rapti
558 1753 666 1806 Briseide
676 1754 747 1805 litera
757 1754 841 1814 venit,

251 1831 304 1881 Vix
314 1830 376 1878 bene
389 1829 511 1878 barbarici
522 1827 610 1878 Graeca
620 1841 703 1879 notata
713 1845 795 1891 mapu.

215 1900 387 1968 Quascumque
399 1901 513 1968 aspicies,
525 1902 635 1969 lacrymae
645 1902 746 1959 secere,
760 1901 843 1952 lituras
853 1917 864 1960 ς

252 1974 301 2025 Sed
311 1986 393 2023 tamen
404 1975 553 2041 &lacrymae
564 1975 672 2039 pondera
682 1976 752 2025 vocis
763 1975 864 2025 habent.

215 2047 241 2097 Si
252 2046 309 2097 mihi
319 2064 395 2111 pauca
405 2048 473 2113 queri
483 2048 512 2097 de
523 2060 563 2105 te,
575 2047 721 2122 dominoque
732 2049 851 2114 viroque,
938 2076 952 2127 5

252 2121 297 2171 Fas
308 2119 341 2169 est
350 2135 360 2178 ;
372 2120 402 2169 de
413 2121 509 2170 domino
520 2137 596 2185 pauca
606 2120 707 2187 viroque
719 2138 814 2187 querar.

215 2193 288 2251 Non,
299 2209 346 2260 ego
358 2192 468 2257 poscenti
480 2193 604 2257 quodsum
618 2191 669 2243 citd
682 2194 769 2244 tradita
780 2191 841 2260 Regi
853 2225 862 2250 ,

252 2265 330 2331 Culpa
342 2277 384 2315 tua
397 2264 430 2314 est
442 2281 449 2313 ι
463 2266 569 2329 quamvis
578 2266 627 2313 hoc
640 2281 736 2329 quoque
748 2266 817 2329 culpa
828 2277 869 2314 tua
881 2261 925 2314 est.

216 2339 277 2388 Nam
287 2338 358 2388 simul
370 2337 508 2405 Eurybates
518 2353 557 2385 me
569 2335 761 2403 Talthybiusque
772 2348 905 2396 vocarunt,

251 2411 368 2479 Eurybati
382 2412 438 2460 data
449 2411 498 2460 sum
509 2410 693 2478 Talthybioque
704 2426 795 2461 comes.
937 2431 971 2469 ιο

217 2483 285 2535 Alter
294 2485 320 2535 in
330 2484 429 2534 alterius
439 2482 555 2550 inflantes
569 2484 657 2533 lumina
669 2484 779 2543 vultum,

251 2556 403 2621 Quaerebant
412 2557 494 2615 taciti,
511 2556 590 2607 noller
601 2557 641 2606 ubi
652 2555 711 2607 esset
720 2574 796 2609 amor.

215 2629 316 2681 Differri
328 2629 398 2695 potui
410 2646 417 2680 t
430 2647 506 2696 poenae
516 2646 583 2680 mora
595 2644 661 2697 grata
672 2630 758 2681 suisset.

250 2702 301 2754 Hei
313 2702 370 2752 mihi
382 2702 389 2752 l
403 2702 526 2754 discedens
537 2703 617 2763 oscula
629 2705 693 2753 nulla
704 2704 769 2754 dedi.

217 2775 249 2826 At
258 2777 378 2842 lacrymas
388 2775 440 2827 sine
450 2774 496 2826 fine
508 2777 580 2836 dedi,
592 2776 692 2845 rupique
704 2777 814 2843 capillos.
937 2801 967 2850 15

250 2847 442 2900 lnselixiterum
455 2848 503 2898 sum
514 2851 570 2900 mihi
583 2850 632 2899 visa
642 2850 705 2916 capi.

219 2920 284 2989 Saepe
294 2937 346 2991 ego
360 2920 467 2989 decepto
478 2923 546 2972 volui
558 2922 655 2972 custode
666 2920 757 2972 reverti
768 2936 779 2979 3
950 2980 953 2986 Ι

251 2995 317 3054 Sed,
329 3011 369 3045 me
381 2995 422 3061 qui
432 2994 537 3045 timidam
547 2995 679 3062 prenderet
689 3029 697 3054 ,
707 2993 780 3044 hoslis
790 3006 852 3046 erat.

219 3065 244 3119 Si
252 3066 374 3136 progressa
385 3068 463 3119 sorem
474 3101 482 3125 ,
494 3084 592 3133 caperer
603 3085 633 3117 ne
644 3068 724 3125 sorte,
740 3067 868 3129 timebam,

253 3139 397 3214 Quolibet
407 3139 438 3194 ad
448 3139 534 3194 Priami
543 3156 628 3193 munus
638 3140 699 3194 itura
710 3157 805 3262 nurup.
936 3155 975 3192 20

804 3226 820 3265 ν
