2392 3892
193 370 199 378 x
290 274 565 399 Hieromus.
590 330 664 405 Ee.
689 331 801 400 XlX·
848 350 903 423 97
951 346 955 354 ’

195 444 262 512 Quid
268 448 376 511 reseram
386 480 394 506 .
409 447 504 513 quoties
515 449 569 497 dem
580 447 682 497 vestibus
693 449 773 500 oscula
784 483 792 509 ‚
806 467 864 518 quas
875 463 903 501 tu

233 519 428 586 Hellespontiaci
444 523 516 587 ponis
533 521 610 571 iturus
628 519 714 585 aqui?

196 592 236 664 Sic
252 594 293 642 ubi
309 595 351 645 lux
364 593 414 644 atla
431 594 482 651 est,
499 594 525 644 bc
539 593 615 643 notus
630 593 730 644 amicior
744 594 805 645 bora

230 665 346 725 Exhibuit
360 667 429 733 pulso
446 667 526 722 sidera
543 667 607 716 clara
625 658 664 716 die
678 683 687 725 3

195 737 308 789 Protinus
325 740 350 788 in
364 740 454 789 summa
471 738 594 804 vigilantia
611 739 698 788 lumina
713 751 781 789 turre
813 781 815 786 .
913 756 945 809 35

231 810 367 869 Ponimus,
388 810 484 860 aliuetae
501 810 568 875 signa
584 822 712 878 notamque
728 813 797 868 viaet

194 884 324 949 Tortaque
341 882 439 933 versato
454 882 571 934 ducentes
587 882 681 934 stamina
697 883 770 943 suso,

230 953 349 1007 Feminei
365 955 445 1023 tardas
461 956 563 1006 fallimus
578 968 734 1009 arte-moras.

193 1027 267 1093 Quid
283 1030 367 1096 loquar
382 1028 475 1079 interea
489 1041 538 1079 tam
552 1031 627 1099 longo
642 1045 774 1099 tempore,
791 1028 902 1099 quaeris?

232 1103 296 1161 Nil,
314 1102 359 1152 nisi
375 1102 478 1153 Leandri
491 1120 600 1163 nomen,
617 1105 643 1153 in
660 1122 703 1155 ore
718 1122 775 1156 meo
792 1105 834 1157 esi.
914 1120 951 1167 4ο

194 1175 281 1228 iamne
296 1188 367 1243 putes
384 1175 456 1226 exilie
471 1176 543 1226 domo
557 1192 613 1227 mea
629 1178 732 1244 gaudia,
748 1177 858 1230 nutriri·

225 1249 273 1315 rin
289 1250 390 1317 vigilant
407 1247 515 1299 omnes?
532 1250 560 1300 δι
574 1248 645 1300 timet
660 1250 702 1301 ille
716 1249 794 1301 suosi

195 1322 279 1375 iamne
296 1322 349 1383 suas
364 1321 469 1372 humeris
486 1322 553 1372 illum
569 1322 695 1388 deponere
713 1322 812 1384 vestes,

232 1394 330 1446 Pallade
347 1394 396 1461 jam
410 1395 493 1462 pingui
509 1396 605 1463 tingere
622 1398 747 1456 membra,
763 1409 835 1463 putes
848 1393 859 1446 i

197 1468 289 1520 Annuit
303 1469 345 1519 illa
360 1468 413 1519 fere
427 1484 434 1518 :
450 1485 500 1518 non
514 1470 593 1519 nostra
609 1469 675 1535 quod
690 1470 771 1519 oscula
787 1483 877 1530 curet3
914 1486 948 1534 45

232 1541 282 1592 Sed
297 1552 382 1591 movet
398 1542 518 1607 obrepens
535 1542 631 1593 somnus
647 1542 711 1593 anile
726 1556 810 1609 caput.

196 1613 299 1682 P'osique
307 1615 382 1666 more
388 1615 524 1673 minimum,
539 1615 592 1668 Jam
601 1614 669 1667 certe
677 1615 788 1685 navigat,
798 1618 905 1687 inquam.

233 1688 360 1756 Lentaque
376 1687 472 1738 dimotis
486 1689 583 1739 brachia
596 1686 671 1755 jasiat
686 1691 763 1760 aquis.

198 1759 324 1829 Paucaque
341 1759 395 1812 crim
411 1760 473 1811 radii
489 1762 582 1828 perfeci
597 1762 693 1814 stamina
709 1763 759 1814 teli
768 1781 778 1824 ς

233 1833 273 1884 An
288 1834 369 1887 medio
384 1826 481 1902 possis,
498 1836 645 1903 querimus,
664 1834 711 1888 esse
728 1839 804 1889 freto.
918 1855 950 1903 50

198 1908 228 1959 Et
238 1906 314 1979 modb
323 1908 477 1975 prospicimus
490 1925 497 1959 2
509 1910 592 1960 timidi
601 1910 676 1962 modo
685 1928 749 1962 voce
760 1927 905 1979 precamur,

233 1982 271 2033 Ut
286 1982 331 2032 tibi
346 1980 388 2031 det
404 1982 488 2031 faciles
505 1984 570 2034 utilis
584 1999 643 2033 aura
656 1984 716 2034 vias.

198 2054 304 2105 Auribus
319 2053 441 2105 interdum
458 2070 533 2104 voces
551 2067 675 2120 captamus
687 2065 704 2113 ,“
715 2056 742 2105 &
758 2070 854 2105 omnem

233 2125 362 2179 Adventsrs
380 2125 503 2191 strepitum
519 2126 638 2176 credimus
657 2126 704 2177 else
718 2126 763 2177 tui.

200 2200 293 2253 Sicubi
309 2200 421 2266 decepte
436 2214 492 2264 pars
508 2197 541 2249 est
558 2198 616 2249 mihi
634 2199 734 2250 maxima
750 2198 827 2251 noiiis
919 2213 950 2265 55

232 2274 315 2334 Atta,
331 2272 394 2324 subit
407 2272 489 2325 furtim
503 2272 591 2323 lumina
608 2272 664 2323 sessa
680 2272 763 2339 sopor.

191 2346 308 2399 Forsitan
317 2347 426 2407 invitus,
437 2362 532 2398 mecum
543 2359 624 2398 tamen
635 2381 643 2408 ,
657 2346 766 2413 improbe
777 2380 785 2407 ‚
799 2345 906 2401 dormis:

232 2419 284 2479 Et,
300 2437 442 2489 quamquam
458 2438 508 2472 non
525 2421 561 2472 vis
573 2421 626 2488 ipse
641 2422 726 2473 venire
740 2454 748 2480 ,
764 2422 843 2473 venis.

201 2492 260 2545 Nam
269 2491 344 2545 modb
354 2507 381 2544 te
390 2494 477 2545 videor
486 2512 563 2562 prope
574 2512 613 2545 me
624 2496 729 2562 speum
739 2506 862 2546 natantem
872 2511 882 2554 a

234 2566 336 2617 Brachia
353 2584 417 2618 nunc
434 2568 539 2618 humeris
555 2568 652 2618 humida
668 2569 734 2618 ferre
747 2568 817 2618 meis.
917 2567 953 2619 60

201 2638 269 2690 Nunc
281 2641 341 2691 dare
353 2672 360 2698 ,
377 2656 429 2704 quae
438 2638 522 2699 soleo,
536 2641 639 2689 madidis
649 2640 768 2689 velamina
777 2638 906 2691 membris:

235 2712 337 2764 Peliora
354 2728 420 2762 nunc
436 2710 518 2775 junlio
535 2710 613 2761 vestra
629 2713 716 2760 lovere
734 2711 797 2761 siau.

202 2785 328 2855 Multaque
345 2797 483 2852 praeterea,
499 2784 587 2851 linguae
597 2783 727 2836 reticenda
743 2781 875 2846 modestae,

238 2857 302 2923 Quae
318 2858 400 2914 secisse
416 2857 500 2925 juvat,
519 2857 580 2907 saila
596 2856 688 2907 referre
704 2857 787 2923 pudet.
871 2864 882 2872 '

203 2931 246 2983 Me
256 2932 365 2984 miseram
377 2932 383 2984 l
397 2933 478 2984 brevis
489 2930 522 2982 est
531 2932 584 2981 haec
593 2964 602 2989 ‚
612 2931 641 2981 ἃ
651 2947 699 2980 non
710 2947 767 2980 vera
777 2932 897 3001 voluptas.
917 2933 932 2985 6
937 2950 956 2997 ς,

239 3006 304 3059 Nam
317 3004 349 3062 ru*
362 3024 417 3061 cum
431 3006 513 3063 somno
528 3005 621 3076 semper
637 3004 702 3056 abire
719 3004 791 3061 soles.

269 3095 353 3150 Tomos
371 3096 396 3170 Ι.Ι
842 3096 866 3149 E
