2392 3892
313 326 561 408 Rumam
589 329 806 402 Anionis.
856 355 932 427 279

206 450 302 511 llam,
319 452 433 518 quoniam
448 451 540 501 variant
555 447 648 509 animi,
664 450 781 501 variamus
796 452 821 502 δι
835 467 920 507 artes:
944 471 993 519 525

257 525 331 578 Mille
347 525 403 575 mali
419 525 530 592 species,
549 525 615 576 mille
629 525 709 574 salutis
725 538 806 574 erunt.

221 598 336 667 Corpora
351 599 393 648 vix
408 599 475 648 ferro
489 597 596 664 quaedam
615 599 726 648 sanantur
740 610 833 650 acuto:

256 671 381 724 Auxilium
396 673 476 721 multis
492 672 576 722 succus
593 671 619 722 δι
636 672 710 721 herba
726 671 781 721 fuit.
949 725 951 729 ³

222 745 326 800 Mollior
343 761 390 803 es,
410 762 456 795 nee
473 745 538 795 abire
553 757 644 810 potes,
662 743 804 811 vinumque
822 744 933 806 teneris;

234 853 244 860 -
256 821 289 870 Et
305 832 347 869 tua
362 818 437 868 saevus
452 820 529 869 Amor
543 819 584 869 sub
601 818 666 885 pede
682 820 746 868 colla
762 820 851 885 premit
859 837 870 879 5
945 834 995 885 530

218 892 316 945 Desine
332 891 415 941 luilari
430 908 437 943 t
453 892 562 943 referant
576 904 618 943 tua
635 892 730 943 carbasa
745 892 832 943 venti:

256 964 365 1031 Quoque
381 977 470 1015 vocant
486 966 590 1027 nuilus,
610 966 656 1016 hic
672 965 715 1016 tibi
732 978 811 1017 remus
828 978 879 1017 eat.

218 1037 347 1105 Explenda
364 1037 397 1088 est
413 1038 464 1088 sitis
480 1038 522 1088 illa
538 1038 602 1099 tibi,
620 1037 667 1106 qui
682 1039 792 1105 perditus
808 1040 887 1091 ardes.

256 1112 374 1162 Cedimus
389 1126 396 1163 t
412 1112 436 1160 in
452 1112 531 1162 medio
547 1111 594 1177 jam
613 1113 673 1163 licet
687 1129 757 1163 amne
774 1114 849 1163 bibas.

218 1185 270 1237 Sed
279 1184 335 1235 bibe
346 1184 399 1251 plus
410 1186 496 1243 etiam,
510 1188 579 1250 qudm
590 1185 657 1250 quod
667 1186 799 1251 praecordia
810 1188 929 1252 poscunt:
944 1201 955 1249 5
961 1199 993 1250 35

256 1256 367 1308 Gutture
384 1259 422 1306 fac
438 1259 513 1323 pleno
530 1259 604 1308 sumta
620 1257 741 1308 redundet
755 1275 825 1324 aqua.
882 1287 886 1293 -

218 1330 349 1382 Perfruere
366 1347 444 1395 usque
460 1329 520 1390 tud,
539 1332 607 1382 nullo
623 1330 787 1398 Prohibente‚
804 1329 894 1397 puelli.

255 1404 299 1454 llla
314 1404 357 1454 tibi
373 1403 456 1455 nolles
471 1404 584 1461 auferat,
603 1404 643 1455 illa
661 1404 722 1455 dies.

216 1476 303 1529 Tadia
321 1494 402 1544 quaere
421 1492 429 1527 t
447 1478 514 1527 malis
530 1478 621 1528 faciunt
639 1479 665 1529 ὃ(
681 1476 752 1528 taedia
766 1475 848 1527 finem.

255 1550 310 1602 Jam
325 1566 441 1616 quoque,
459 1548 513 1600 etim
529 1549 615 1601 credas
629 1550 695 1618 polle
713 1567 816 1609 carere,
832 1565 912 1600 mane.
943 1563 993 1612 540

217 1622 286 1673 Dum
301 1624 365 1673 bene
381 1635 406 1672 te
422 1625 549 1683 cumules,
568 1624 594 1674 ὃ(
611 1625 680 1690 copia
697 1623 768 1675 tollat
784 1638 911 1682 amoremt

255 1696 276 1745 E
292 1695 393 1745 fastidite
407 1712 457 1746 non
472 1694 541 1762 juvet
557 1695 598 1746 ille
614 1697 696 1747 domo.

216 1769 257 1820 Fit
273 1770 371 1835 'quoque
387 1770 473 1839 longus
488 1786 573 1829 amor,
591 1783 664 1839 quem
681 1768 813 1821 diffidentia
829 1769 924 1821 nutrit:

202 1894 209 1908 ⁸
253 1841 327 1892 Hunc
343 1854 370 1892 tu
385 1843 405 1893 si
421 1860 513 1909 quaeres
527 1861 640 1909 ponere,
658 1862 723 1913 pone
738 1858 838 1895 metum.

217 1914 269 1979 Qui
278 1916 347 1965 timet
359 1950 367 1976 ‚
378 1927 405 1965 ut
415 1916 455 1966 sua
465 1918 496 1968 sit
507 1951 514 1976 ‚
533 1934 581 1966 neu
592 1918 644 1982 quis
655 1919 700 1967 sibi
709 1917 820 1967 detrahat
831 1918 897 1966 illem
908 1933 918 1975 ;
941 1930 973 1977 54
976 1932 991 1979 5

253 1988 298 2037 Ille
315 1988 461 2037 Machaonid
475 1990 517 2038 vix
533 2005 581 2055 ope
596 1989 664 2038 lanus
681 1990 737 2048 erit.

216 2059 274 2111 Plus
292 2073 355 2111 amat
373 2079 387 2111 e
404 2062 467 2111 natis
482 2074 558 2112 mater
573 2052 717 2129 plerumque
733 2060 846 2115 duobus,

253 2133 301 2184 Pro
318 2134 386 2201 cujus
403 2135 504 2192 reditu,
521 2135 586 2200 quod
604 2134 666 2201 gerit
683 2140 767 2192 arma,
784 2133 864 2183 timet.

215 2206 256 2257 Est
270 2224 346 2275 prope
363 2207 483 2259 Collinam
497 2209 613 2274 templum
628 2207 768 2258 venerabile
784 2218 899 2273 portame

252 2281 367 2347 Imposuit
381 2285 473 2349 templo
490 2281 586 2332 nomina
603 2282 680 2332 celsus
697 2281 774 2349 Eryx.
937 2290 950 2339 5
956 2290 989 2341 50

213 2352 255 2404 Est
267 2354 320 2404 illic
337 2354 432 2407 Letaeus
449 2355 544 2415 Amor,
565 2355 605 2424 qui
621 2355 720 2422 pedore
736 2354 801 2405 sanat
810 2368 821 2413 3

251 2427 328 2495 lnque
345 2429 396 2479 sues
413 2430 516 2497 gelidam
533 2430 652 2495 lampadas
669 2429 735 2482 addit
750 2440 845 2496 aquam.

214 2500 268 2553 Illic
285 2502 311 2552 ὃ(
327 2500 429 2565 juvenes
444 2504 509 2552 votis
526 2503 615 2551 oblivia
631 2502 754 2567 poscuntt

251 2572 284 2622 Et
299 2572 321 2620 si
337 2588 382 2635 qua
398 2570 432 2620 est
448 2572 509 2623 duro
526 2584 595 2637 capta
611 2574 693 2639 puella
708 2574 772 2621 viro·

213 2646 238 2698 ls
254 2644 311 2696 mihi
328 2643 363 2712 sic
379 2642 461 2695 dixit:
479 2642 490 2709 (
506 2644 609 2704 dubito,
627 2659 731 2695 verusne
746 2640 862 2708 Cupido,
938 2650 987 2702 555

250 2719 291 2770 An
305 2717 400 2767 somnus
415 2715 508 2776 fuerit;
524 2718 582 2777 sed,
597 2728 675 2783 puto,
691 2717 787 2767 somnus
798 2712 880 2780 erat.)

166 2855 169 2858 v
215 2792 242 2844 Ο
259 2793 265 2842 l
283 2791 322 2859 qui
339 2784 536 2841 solicitos'modd
552 2791 613 2851 das,
628 2789 701 2842 modd
717 2790 811 2848 demis,
828 2793 942 2843 amores,

252 2864 341 2931 Adjice
356 2865 484 2931 praeceptis
501 2866 549 2915 hoc
566 2880 682 2932 quoque,
701 2863 787 2922 Naso,
804 2862 861 2913 tuis.

216 2934 257 2990 Ad
268 2940 327 2988 mula
338 2939 437 3005 quisque
448 2940 550 2989 animum
561 2940 653 2990 referat
662 2939 702 2988 sua
713 2971 721 2997 ‚
738 2948 814 3003 ponet
823 2950 930 2991 amorem
942 2948 950 2985 t
964 2942 966 2945 '

254 3009 373 3067 Omnibus
388 3013 428 3066 illa
447 3014 518 3069 Deus
535 3015 622 3083 plusve
638 3013 747 3066 minusve
764 3010 841 3069 dedit·
862 3042 866 3047 ·
937 3023 949 3072 5
955 3004 988 3059 ⁶0
