2392 3892
288 457 364 531 204
414 439 619 510 Ονιυιι
647 439 899 513 Nasonis

227 577 240 609 2
244 573 275 623 35
287 560 332 608 llle
349 557 445 622 quidem
464 574 555 623 pennas
570 558 692 609 velociter
706 559 799 611 excutit
814 563 896 613 udas:

322 630 371 680 Sed
387 643 468 680 tamen
485 631 511 681 dc
529 631 606 700 spargi
620 632 702 698 pestus
716 638 800 685 'amore
818 648 906 687 nocet.

285 705 350 755 Vina
367 715 452 770 parant
468 704 578 763 animos,
597 705 735 771 faciuntque
751 708 871 773 caloribus
886 720 983 774 aptosc

323 776 387 827 Cura
403 777 464 844 sugit
478 780 555 828 multo
571 778 717 843 diluiturque
733 795 809 829 nero.

286 850 357 900 Tunc
373 851 475 900 veniunt
490 850 550 900 risus
567 867 574 900 :
590 863 650 901 tunc
666 868 758 917 pauper
774 868 863 902 cornua
878 852 974 906 sumit:-

225 937 276 984 240
322 923 393 973 Tunc
411 923 521 973 dolor&
537 940 620 983 curae,
640 940 747 991 rugaque
765 924 850 975 srontis
867 926 931 979 abit.

286 996 357 1048 Tunc
372 997 450 1062 aperit
466 1009 560 1047 mentes
575 1031 582 1056 ,
600 1014 654 1047 aevo
671 997 789 1047 rarissima
804 996 906 1057 nolito,

326 1069 489 1135 Simplicitas3
510 1081 574 1119 artes
593 1070 733 1119 excutiente
748 1070 818 1120 Deo.

286 1143 339 1193 lllic
355 1142 416 1207 sepe
431 1143 523 1191 animos
538 1140 652 1206 juvenum
667 1157 770 1207 rapuere
786 1142 897 1206 puellae3

322 1214 353 1263 Et
368 1214 451 1269 Venus
465 1214 490 1263 in
506 1214 584 1273 vinis,
602 1214 663 1281 ignis
678 1216 702 1263 in
719 1215 774 1281 igne
792 1215 847 1265 suit.

226 1304 274 1351 24>
288 1287 335 1339 Hic
350 1298 378 1338 tu
395 1286 474 1337 fallaci
490 1284 586 1336 nimidm
602 1304 633 1337 ne
650 1287 722 1336 crede
739 1288 866 1338 lucernae:

321 1360 416 1412 Judicio
433 1361 516 1410 formae
531 1377 630 1427 noxque
646 1375 786 1426 merumque
801 1372 905 1412 nocent.

285 1434 352 1485 Luce
368 1433 425 1484 deas
439 1435 551 1500 coeloque
567 1432 634 1484 Paris
649 1432 763 1500 speslavit
776 1446 862 1499 aperto
874 1450 884 1491 ;

322 1506 385 1557 Ciam
401 1507 459 1557 dixit
476 1506 589 1565 Veneri3
610 1506 695 1556 Vincis
711 1518 855 1572 utramque,
875 1505 975 1560 Venus.

284 1580 363 1631 Notle
378 1582 455 1631 latent
470 1580 580 1638 mendae,
600 1580 707 1645 vitioque
722 1578 853 1646 ignoscitur
869 1581 955 1630 omui:

222 1668 275 1717 250
322 1653 438 1719 Horaque
452 1653 579 1703 formosam
596 1654 726 1719 quamlibet
741 1652 782 1701 illa
796 1652 865 1703 facit.

284 1726 390 1776 Consule
405 1727 436 1775 de
451 1725 567 1792 gemmis,
586 1726 615 1774 de
632 1725 705 1774 tinsla
721 1725 811 1775 murice
827 1726 900 1784 lana,

321 1798 428 1849 Consule
445 1799 476 1849 de
492 1798 554 1848 sacie
571 1798 760 1864 corporibusque
777 1798 850 1847 diem.

283 1870 350 1934 Quid
366 1871 410 1922 tibi
425 1870 542 1921 femineos
559 1883 655 1928 coetus,
673 1870 799 1920 venatibus
813 1883 907 1935 aptos,

241 1979 250 1987 ,
320 1941 486 1993 Enumerem?
504 1960 605 1993 numero
622 1943 695 1992 cedet
710 1960 782 1993 arena
798 1959 863 1993 meo.

221 2032 253 2080 25
260 2032 271 2079 5
283 2015 349 2079 Quid
366 2018 469 2067 reseram
482 2014 572 2081 Bajas,
586 2028 751 2081 praetextaque
767 2016 837 2066 litora
853 2016 936 2076 velis,

318 2090 369 2148 Et,
387 2106 438 2157 quae
456 2089 486 2140 de
504 2089 582 2140 calido
601 2089 689 2139 sulfure
706 2089 781 2138 sumat
792 2123 804 2147 ,.
818 2090 929 2156 aquam?

282 2163 346 2215 Hinc
362 2163 445 2230 aliquis
461 2161 547 2215 vuln'us
562 2164 671 2213 reserens
686 2162 710 2211 in
728 2162 826 2229 pedore
837 2197 848 2223 ,,
863 2163 922 2213 dixit
935 2182 948 2223 ς

251 2296 253 2299 .
318 2238 377 2286 Non
388 2238 461 2297 haec,
480 2250 508 2289 ut
522 2237 583 2288 sama
601 2236 653 2292 est,
672 2236 736 2284 unda
753 2235 852 2286 salubris
864 2249 930 2287 erat.

282 2310 348 2362 Eece
362 2310 501 2361 suburbanae
516 2311 632 2375 ternplum
648 2309 770 2357 nemorale
785 2308 891 2366 Dianae,

220 2381 271 2433 260
317 2382 437 2449 Partaque
453 2400 497 2449 per
514 2382 606 2449 gladios
622 2398 697 2447 regna
712 2391 818 2429 nocente
834 2396 915 2429 manu.

281 2456 324 2505 llla
342 2458 407 2521 quod
421 2454 453 2504 esl
468 2456 556 2520 virgo,
574 2455 639 2519 quod
653 2454 703 2501 tela
720 2450 843 2517 Cupidinis
861 2453 935 2511 odit3

316 2527 395 2577 Multa
412 2526 478 2577 dedit
494 2527 586 2591 populo
603 2526 722 2583 vulnera,
739 2526 813 2574 multa
831 2525 906 2575 dabit.

253 2624 256 2629 ·
280 2600 420 2658 Hastenus,
435 2598 500 2649 unde
515 2599 581 2667 legas
592 2598 658 2664 quod
671 2614 755 2656 ames,
771 2597 813 2647 ubi
823 2598 883 2647 retia
894 2616 971 2664 ponas
983 2634 993 2661 ,

317 2673 429 2741 Praecipit
444 2673 573 2739 imparibus
587 2672 656 2721 vedla
668 2669 755 2720 Thalia
768 2670 837 2721 rotis.

219 2745 269 2809 265
281 2749 352 2799 Nunc
364 2749 423 2807 tibi,
435 2764 488 2814 quae
498 2745 607 2814 placuit,
618 2745 717 2812 quassit
728 2743 844 2811 capienda
853 2760 899 2812 per
908 2757 990 2806 artes,

222 2849 225 2857 =
316 2822 408 2874 Dicere
423 2820 549 2887 praecipuae
562 2820 650 2871 molior
666 2818 723 2869 artis
739 2834 811 2883 opus.
822 2841 830 2853 1-

280 2891 395 2962 Quisquis
409 2895 516 2961 ubique,
530 2894 595 2953 viri,
612 2892 704 2943 dociles
720 2892 840 2942 advertite
853 2900 969 2948 mentem

316 2965 481 3034 Pollicitisque
498 2968 600 3025 savena,
617 2968 722 3033 vulgus,
740 2963 818 3013 adeste
834 2962 904 3014 meis·

280 3036 357 3090 Prima
371 3052 419 3091 tue
436 3040 511 3090 menti
524 3040 607 3089 veniat
622 3037 728 3094 fiducia,
746 3034 841 3083 cunslas

218 3124 270 3175 ²70
316 3109 383 3164 Posse
398 3104 475 3183 capi:
494 3113 595 3181 capion
611 3123 637 3163 tu
652 3105 814 3166 deducendo
828 3107 924 3178 plagas·
