2392 3892
236 482 294 535 nr
310 465 434 562 Anna
448 461 548 531 Arra
557 479 643 530 nni
669 463 708 531 L.
730 466 799 534 III.
826 487 902 560 251

195 583 252 652 Quis
268 584 385 641 dubitet,
403 582 462 648 quin
476 580 537 631 scire
554 582 629 630 velim
644 580 728 630 saltate
744 585 869 648 puellam?

227 658 263 709 Ut
275 667 377 708 moveat
392 654 476 722 posito
493 655 589 703 brachia
605 652 661 718 jussa
676 654 767 705 mero?
913 672 925 723 3
932 673 965 723 50

195 729 304 782 Artifices
322 729 425 786 lateris,
449 727 526 776 scenae
542 727 694 794 speslacula,
712 741 839 781 amantur:

225 803 333 854 Tantum
347 800 469 852 mobilitas
484 801 524 850 illa
538 801 634 851 decoris
650 801 732 851 habet.

195 874 267 927 Parva
282 890 386 926 monere
400 873 494 941 pudet,
511 874 615 923 talorum
630 874 721 924 ducere
737 872 814 940 jassus

226 950 262 1001 Ut
277 948 357 1005 sciat,
373 947 400 998 δι
413 947 478 996 vires
488 980 500 1005 ,‚
513 945 598 995 tessera
613 946 694 1005 missa,
713 958 777 998 tuas.

195 1022 223 1074 Et
234 1018 310 1072 modb
320 1031 372 1070 tres
387 1017 462 1085 jastet
472 1035 584 1068 numeros
597 1034 604 1068 ε
616 1017 689 1069 modo
706 1021 817 1089 cogitet,
835 1020 892 1088 apte
911 1035 924 1088 3
931 1037 962 1086 55

227 1094 312 1160 Quam
325 1091 408 1143 subeat
422 1102 517 1157 partem
531 1092 635 1151 callida,
653 1110 771 1161 quamque
786 1108 872 1147 vocet.

195 1167 321 1234 Cautaque
336 1181 386 1215 non
401 1163 471 1215 stulte
486 1167 605 1216 latronum
621 1167 705 1232 proelia
721 1167 807 1220 ludat:
851 1168 854 1176 '

226 1239 298 1290 Unus
313 1236 367 1289 crim
382 1238 479 1306 gemino
495 1240 601 1288 calculus
614 1239 682 1289 hoste
698 1241 772 1307 perit.

196 1309 349 1378 Bellatorque
364 1311 404 1361 sui
418 1311 518 1377 prensus
534 1311 586 1359 sine
604 1327 716 1375 compare
731 1315 826 1373 bellata

226 1384 338 1436 AEmulus
357 1385 383 1434 ἃ
399 1396 507 1450 coeptum
522 1383 582 1448 saepe
599 1384 703 1433 recurrit
719 1384 776 1452 iter.
910 1389 962 1453 360

196 1458 356 1524 Reticuloque
371 1457 426 1523 pilae
442 1458 512 1507 leves
524 1455 654 1505 fundantur
668 1469 772 1523 aperto:

228 1532 306 1590 Nec,
321 1530 367 1579 nisi
382 1546 452 1597 quam
469 1530 542 1581 tolles
551 1563 564 1585 ,
577 1530 627 1578 ulla
642 1530 761 1580 movenda
774 1523 824 1597 ‘pila
842 1530 885 1583 ess.

196 1603 230 1656 aa
243 1620 320 1672 genus
336 1603 361 1652 in
376 1603 478 1652 totidem
492 1603 561 1651 tenui
577 1602 676 1652 ratione·
688 1603 809 1654 redaslum

228 1676 370 1743 Scriptula,
387 1689 446 1742 quot
461 1675 554 1725 menses
569 1676 675 1726 lubricus
693 1693 767 1726 annus
784 1678 867 1729 habet.

196 1749 269 1802 Parva
284 1750 374 1799 tabella
390 1750 454 1816 capit
470 1759 553 1799 ternos
568 1749 687 1815 utrimque
703 1751 818 1816 lapillos,
910 1749 962 1816 3⁶15

228 1824 257 1873 ln
274 1839 320 1888 qua
335 1820 415 1871 vicisse
432 1822 483 1880 est,
502 1821 649 1872 continuasse
665 1822 729 1873 suos.

196 1895 263 1946 Mille
281 1894 368 1945 facesse
384 1894 454 1960 jocos
471 1912 479 1947 t
495 1908 565 1962 turpe
580 1897 614 1946 est
629 1896 722 1947 nescire
738 1899 841 1965 puellam

228 1968 325 2019 Ludere
341 1984 348 2019 a
365 1969 470 2018 ludendo
485 1969 545 2037 saepe
561 1983 659 2035 paratur
674 1988 749 2021 amor.

196 2041 241 2091 Sed
256 2041 365 2091 minimus
381 2042 448 2091 labor
464 2042 517 2099 est,
536 2042 655 2106 sapienter
668 2042 767 2108 jaslibus
782 2043 827 2093 uti.

229 2113 310 2180 Majus
327 2131 408 2180 opus,
430 2121 509 2162 mores
527 2111 682 2177 composuisse
699 2113 764 2162 suos.
912 2125 964 2174 370

196 2188 258 2237 Dum
276 2186 354 2237 sumus
369 2186 478 2243 incauti,
495 2182 619 2249 studioque
637 2184 758 2248 aperimur
774 2183 799 2231 in
816 2182 887 2248 ipso,

229 2260 347 2326 Nudaque
361 2276 405 2326 per
422 2258 486 2307 lusus
501 2255 600 2322 pestora
615 2254 693 2304 nostra
709 2267 814 2321 patent;

196 2333 232 2383 lra
248 2333 328 2391 subit,
343 2334 451 2382 deforme
465 2331 552 2379 malum
563 2363 574 2384 ,
587 2328 697 2393 lucrique
712 2328 821 2393 cupid03

228 2405 380 2472 Iurgiaque,
399 2406 425 2455 ἃ
441 2404 517 2459 rixae,
535 2402 690 2468 solicitusque
707 2402 787 2452 dolor.
893 2434 895 2439 f

196 2478 302 2530 Crimina
320 2478 452 2528 dicuntur:
468 2476 564 2527 resonat
580 2476 724 2527 clamoribus
742 2475 837 2526 aether:

231 2553 335 2600 lnvocat
351 2551 423 2601 iratos
442 2550 468 2601 ὃ(
485 2551 530 2600 sibi
546 2551 647 2617 quisque
662 2552 743 2601 Deos.

197 2623 270 2673 Nulla
286 2622 345 2672 fides
358 2639 366 2679 ;
382 2624 518 2686 tabulaeque
534 2640 606 2672 novae
620 2638 665 2687 per
681 2635 740 2671 vota
756 2628 895 2686 petuntur:

233 2694 265 2743 Et
283 2692 394 2758 lacrymis
410 2694 459 2741 vidi
475 2694 537 2756 saepe
553 2694 651 2741 madere
667 2708 751 2759 genas.

197 2767 308 2836 luppiter
324 2782 337 2813 a
351 2764 420 2814 vobis
433 2775 482 2813 tam
496 2766 573 2828 turpia
589 2765 687 2813 crimina
701 2764 797 2828 pellat,

233 2843 262 2891 ln
279 2839 365 2906 quibus
382 2836 416 2887 ess
433 2837 473 2885 ulli
492 2852 549 2884 cura
564 2838 661 2900 placere
678 2837 742 2885 viro.
915 2834 972 2902 380·

198 2913 253 2965 Hos
270 2915 357 2983 ignava
374 2910 444 2977 jocos
459 2908 543 2959 tribuit
559 2910 652 2958 Natura
667 2903 774 2975 puellis:

235 2987 339 3037 Materii
356 2986 442 3036 ludunt
459 2980 572 3033 uberiore
587 2982 642 3032 viti.

199 3058 260 3109 Sunt
273 3061 318 3110 illis
335 3063 476 3125 celeresque
491 3056 564 3122 pilae,
581 3055 753 3123 jaculumque,
770 3050 919 3127 trochique,

236 3130 375 3201 Armaque,
392 3135 419 3187 bc
435 3134 461 3185 in
476 3148 549 3202 gyros
565 3131 601 3183 ire
619 3130 715 3184 coastus
731 3148 816 3201 equus.

803 3220 865 3291 Lai.
