2392 3892
248 451 300 540 64
358 448 399 516 P.
427 447 614 519 Ονιυιι
640 451 862 520 Nisoms'

249 567 316 630 Quid
327 567 384 619 furis
397 566 516 626 ,infelixi
526 568 583 634 quid
593 579 618 617 te
624 568 717 618 miraris
729 569 754 618 iu
766 568 867 620 umbra?

283 639 349 704 Quid
360 658 472 691 numeras
482 641 556 691 sadoc
566 640 597 691 ad
608 658 672 691 nova
682 643 788 691 membra
799 644 875 708 pedes
885 641 903 693 ἓ

202 726 218 778 9
223 728 235 777 5
250 712 293 763 llla
300 714 314 765 1
317 714 369 768 ovis
377 714 457 782 magni
467 716 549 780 pellex
560 747 568 772 ,
578 714 708 765 metuenda
720 716 813 774 sorori,

282 787 378 837 Fronde
390 787 456 837 levas
467 787 562 837 nimiam
577 786 754 853 cespitibusque
766 787 865 839 famem.

245 859 324 910 fonte
334 861 393 910 bibis
403 892 411 917 ‚
421 860 562 926 spedasque
575 871 642 909 tuam
653 859 780 925 stupefadla
788 861 908 927 figuram:

230 980 232 984 ,
283 933 314 983 Et
323 946 348 983 te
358 950 389 983 ne
401 934 502 992 feriant,
514 950 568 999 quae
582 933 660 1000 geris,
675 950 739 982 arma
750 966 762 991 ,
773 933 854 984 times.

245 1004 356 1073 Quaeque
364 1005 436 1055 modd
449 1017 492 1062 ,ut
505 1006 583 1071 possis
594 1005 666 1055 etiam
677 1005 740 1057 Jove
749 1006 820 1073 digna
829 1006 923 1065 videri,

186 1092 236 1130 100
281 1079 361 1128 Dives
370 1094 440 1134 eras;
452 1077 516 1125 nuda
524 1078 587 1126 nuda
595 1078 715 1127 recumbis
726 1078 812 1129 humo.

245 1148 292 1201 Per
304 1167 384 1207 mare,
394 1164 437 1215 per
448 1161 543 1206 terras,
556 1150 708 1216 cogdataque
719 1150 814 1200 ilumiina
822 1153 917 1203 curris:

280 1224 332 1272 Dat
341 1238 406 1271 mare
418 1255 426 1279 ,
437 1222 601 1281 dammum,
615 1223 655 1274 dat
665 1222 710 1273 tibi
718 1234 783 1273 terra
794 1224 867 1275 viam.

245 1294 309 1361 Quae
319 1296 363 1345 tibi
370 1294 438 1345 causa
445 1296 508 1365 fugae
515 1293 525 1345 l
533 1296 605 1363 quid,
615 1296 660 1354 lo,
671 1296 733 1346 freta
743 1298 816 1365 longa
824 1293 953 1365 pererras?

280 1370 338 1418 Non
350 1368 443 1435 poteris
452 1371 533 1420 vultus
544 1367 652 1436 effugere
665 1369 712 1434 ipsa
726 1381 792 1420 tuos.

186 1454 233 1505 105
248 1441 339 1501 Inachi,
347 1441 395 1507 qud
401 1443 532 1508 properas?
545 1442 630 1491 eadem
637 1442 790 1507 sequerisque
796 1443 920 1511 fugisque.

280 1516 321 1565 Tu
331 1516 375 1564 tibi
390 1516 438 1565 dux
450 1516 532 1566 comiti
546 1531 553 1565 ε
565 1527 592 1564 tu
603 1530 685 1564 comes
699 1514 749 1579 ipsa
761 1514 829 1567 duci.

244 1586 292 1638 Per
305 1589 396 1653 septem
407 1589 476 1637 Nilus
486 1600 570 1655 portus
579 1586 672 1638 emilius
682 1586 707 1636 in
717 1603 801 1653 aequor

277 1660 352 1711 Exuit
364 1659 450 1710 insana
461 1661 553 1725 pellicis
564 1678 607 1710 ora
616 1660 683 1710 bovi.

243 1734 336 1784 Ultima
346 1734 403 1799 quid
412 1732 532 1791 referam,
542 1750 644 1800 quorum
653 1733 712 1782 mihi
721 1750 780 1782 cana
791 1733 901 1785 senedus

184 1820 234 1856 110
280 1804 389 1856 Audor?
400 1806 456 1855 dant
467 1807 532 1864 anui,
541 1806 607 1871 quod
618 1823 718 1873 querar,
729 1823 788 1856 ecce
799 1809 855 1858 ruci.

242 1878 310 1928 Bella
320 1891 389 1945 pater
396 1890 542 1945 patruusque
554 1890 642 1946 gerunt
652 1895 659 1929 :
669 1895 795 1947 regnoque
808 1882 929 1949 domoque

280 1950 394 2001 Pellimur
406 1966 413 2000 ε
427 1950 515 2018 ejedlas
529 1952 626 2001 ultimus
638 1952 702 2001 orbis
713 1953 797 2003 habet.

242 2024 287 2074 llle
298 2025 369 2075 ferox
380 2023 442 2073 solus
456 2024 516 2073 solio
530 2023 675 2091 sceptroque
684 2025 780 2090 potitur
795 2041 802 2075 :

281 2096 343 2147 Cum
357 2097 412 2147 sene
424 2114 468 2147 nos
479 2097 544 2164 inopi
554 2099 625 2147 turba
635 2115 749 2165 vagamur
763 2099 848 2164 inops.

183 2183 194 2221 1
205 2184 234 2235 15
245 2170 287 2221 De
299 2171 398 2222 fratrum
409 2172 502 2237 populo
513 2188 567 2237 pars
578 2171 728 2240 exiguissima
737 2170 819 2222 restas:

278 2243 375 2310 Quique
387 2244 438 2294 dati
446 2246 497 2295 leto
505 2278 517 2303 2
526 2262 626 2311 quaeque
638 2245 743 2301 dedda,
754 2244 814 2295 fleo.

241 2317 303 2366 Nam
313 2318 369 2365 mihi
379 2329 439 2384 quot
447 2317 533 2367 fratres
545 2352 554 2376 ,
566 2318 667 2368 totidem
677 2316 772 2381 periere
781 2315 876 2367 sorores
887 2331 898 2367 t

279 2390 390 2455 Accipiat
400 2390 517 2458 lacrymas
527 2403 631 2456 utraque
640 2390 710 2439 turba
720 2401 796 2436 meas.

241 2460 279 2510 En
293 2479 355 2529 ego,
367 2463 432 2527 quod
442 2464 519 2521 vivis,
532 2479 610 2527 poenae
621 2458 748 2509 crucianda
756 2458 882 2513 reservor.

182 2551 232 2587 120
274 2534 345 2599 ¹Quid
358 2532 403 2584 fiet
414 2535 492 2594 sonti,
505 2534 558 2585 crim
567 2549 610 2583 rea
619 2532 695 2582 laudis
705 2528 779 2597 agari
869 2547 872 2553 ’

239 2609 286 2669 Et,
300 2608 482 2676 consanguineae
490 2606 611 2674 quondam
622 2603 753 2665 centesima
762 2606 840 2656 tutbae
850 2640 861 2664 ‚

276 2682 364 2734 Infelix
376 2715 386 2741 ‚
397 2697 446 2733 uno
456 2680 530 2731 fratre
541 2690 672 2737 manente,
683 2675 776 2728 cadam.

239 2753 274 2805 At
282 2768 323 2814 tu,
334 2758 355 2805 si
363 2772 409 2822 qua
417 2755 478 2821 pix,
493 2752 613 2821 Lynceu,
631 2752 676 2804 tibi
686 2769 743 2802 cura
753 2752 861 2811 sororis,

207 2849 209 2853 ·
276 2827 387 2895 Quaeque
398 2829 443 2879 tibi
452 2827 523 2879 tribui
533 2843 646 2885 munera,
656 2827 740 2895 diguus
748 2827 822 2875 habes
832 2841 841 2883 ς

239 2900 291 2954 Vel
299 2902 336 2951 fer
347 2918 419 2967 opem
427 2935 435 2960 ,
443 2902 485 2951 vel
497 2901 559 2951 dede
569 2901 625 2953 neci
636 2917 644 2951 t
657 2899 815 2965 defundaque
826 2895 881 2949 vita
909 2940 911 2948 ,

181 2989 211 3028 12
216 2988 228 3038 5
281 2972 393 3039 Corpora
403 2973 498 3023 furtivis
513 2974 608 3040 insuper
623 2974 684 3023 adde
694 2973 771 3037 rogis.

214 3109 219 3119 ,
239 3041 272 3098 Et
283 3046 359 3110 sepeli
370 3045 482 3112 lacrymis
492 3048 589 3111 perfusa
595 3044 708 3095 fidelibus
719 3044 778 3093 olla.

275 3116 768 3194 Scriptaqueriuttitulonostrestpucra
781 3112 863 3169 brevi.
922 3183 925 3188 ι
