2392 3892
281 430 554 504 Hnnomns.
581 433 661 502 Er.
688 433 824 505 XVIII.
856 454 908 529 93

196 551 359 621 Digredimur
369 552 453 601 llentes
464 570 473 610 3
487 566 627 619 repetoque
637 569 685 620 ego
694 554 804 619 Virginis
814 572 897 621 aequor
909 587 917 612 ,

237 625 379 690 Respiciens
395 626 533 684 dominam,
555 626 611 674 dum
627 626 703 682 licet,
723 642 798 691 usque
813 644 899 678 meam.

197 698 225 749 Si
237 715 284 764 qua
297 697 357 747 fides
367 714 427 747 vero
439 698 471 747 est
482 715 491 756 3
507 700 609 748 veniens
619 700 666 748 huc
677 697 724 747 effe
741 710 837 749 natator
847 716 856 758 3

237 769 301 820 Ctim
316 771 413 828 redeo,
431 771 519 820 videor
535 770 662 836 naufragus
677 770 724 820 else
739 771 805 819 mihi.
923 786 973 821 120

197 841 259 893 Hoc
278 859 376 909 quoque
391 844 411 891 si
428 842 533 898 credas„
551 842 582 890 ad
596 854 623 891 te
639 843 678 891 via
693 859 768 907 prona
786 842 902 895 videtur:

236 916 263 965 A
279 927 306 964 te
324 914 378 963 crim
394 914 492 970 redeo,
512 914 587 963 clivus
601 914 687 963 inertis
704 932 781 980 aquae.

197 987 298 1039 Invitus
314 998 406 1050 repeto
422 985 521 1050 patriam
536 986 613 1052 t‘quis
628 988 729 1036 credere
743 984 843 1053 possit?

237 1060 338 1109 Invitus
357 1059 423 1106 certe
439 1074 501 1107 nunc
517 1075 600 1108 moror
615 1061 675 1110 urbe
694 1059 757 1111 meai.

196 1133 256 1184 Hei
271 1131 330 1179 milri
348 1130 354 1178 Ξ
373 1146 414 1179 cur
428 1132 505 1179 animo
521 1130 614 1198 juniii,
631 1132 776 1184 secernimur
792 1130 885 1184 undis?
925 1146 974 1194 125

240 1206 346 1269 Unaque
362 1220 448 1262 mens,
468 1206 539 1255 tellus
554 1223 606 1256 non
622 1207 694 1256 habet
710 1225 756 1257 una
772 1205 857 1258 duos?

198 1278 253 1333 Vel
271 1290 313 1327 tua
330 1293 367 1325 me
383 1275 482 1333 Sestos,
501 1279 586 1327 velte
601 1294 655 1327 mea
673 1279 747 1329 sumat
761 1281 883 1347 Abydos:

240 1351 303 1399 Tam
320 1362 362 1398 tua
379 1361 445 1398 terra
460 1349 519 1398 mihi
528 1382 536 1407 ,
552 1353 622 1414 quim
638 1350 682 1399 tibi
698 1352 774 1401 nostra
790 1354 878 1416 placet.

201 1423 255 1491 Cur
270 1439 320 1489 ego
338 1421 492 1481 confundor,
510 1423 606 1488 quoties
625 1422 782 1473 confunditur
799 1421 903 1490 aequori

242 1495 294 1545 Cur
312 1494 387 1554 mihi,
405 1494 473 1544 causa
490 1496 569 1554 levis,
583 1508 672 1545 ventus
690 1496 769 1545 obelle
786 1495 887 1561 potest?
926 1507 976 1560 130

201 1569 255 1623 Jarn
272 1568 365 1618 nostros
382 1568 449 1619 curvi
465 1582 555 1618 norunt
570 1569 695 1635 delphines
710 1586 824 1628 amores3

241 1643 355 1709 Ignotum
370 1657 418 1689 nec
435 1658 473 1690 me
492 1642 594 1708 piscibus
612 1642 660 1692 effe
677 1659 741 1693 reor.

204 1714 258 1768 Jam
270 1712 344 1779 patet
357 1714 451 1764 attritus
469 1705 589 1765 solitarum
604 1716 673 1766 limes
686 1732 800 1781 aqumum

242 1789 301 1837 Non
318 1787 406 1844 aliter,
421 1786 496 1839 multi
511 1792 580 1854 quim
596 1788 636 1839 via
653 1788 727 1855 ptella
743 1790 806 1840 toti.

200 1860 285 1924 <Quod
293 1860 350 1910 milti
359 1876 408 1908 non
419 1859 490 1919 effer,
503 1862 548 1911 nisi
558 1862 593 1911 sic
604 1861 666 1920 iter,
679 1873 735 1911 ante
746 1862 863 1929 querebar
874 1877 884 1919 ς
925 1873 973 1925 135

242 1933 277 1983 At
294 1947 357 1982 nune
371 1949 415 1999 per
432 1931 519 1983 ve'ntos
533 1937 581 1985 hoc
596 1952 692 2001 quoque
709 1935 787 1986 deesse
804 1951 902 2002 queror.

205 2006 326 2056 Flunibus
341 2006 471 2056 immodicis
485 2006 669 2059 Athamantidos
684 2025 780 2075 aequora
796 2020 902 2065 canent,

242 2080 340 2145 Vixque
357 2092 439 2129 manet
455 2092 526 2144 portu
540 2094 592 2130 tuta
610 2083 691 2132 carina
709 2081 761 2130 suo.

205 2152 263 2202 Hoc
274 2168 339 2201 mare
349 2185 356 2210 ,
373 2152 429 2199 dum
439 2149 580 2216 primdmde
590 2153 693 2217 Virgine
703 2151 799 2201 nomina
809 2148 906 2205 mersit,

243 2224 306 2289 Quae
323 2236 412 2282 tenet,
435 2223 468 2271 eli
484 2222 594 2279 nattum,
613 2224 662 2271 tale
677 2223 742 2273 fuisse
758 2234 828 2288 puto.
894 2272 897 2283 ¹
928 2232 978 2280 140

206 2298 239 2348 Et
255 2298 310 2348 satis
326 2295 410 2347 amissi
421 2296 492 2345 'locus
509 2296 547 2344 hic
564 2294 656 2346 infamis
673 2296 702 2344 ab
719 2295 794 2345 Helle
809 2292 861 2343 est:

243 2370 328 2436 thue
343 2370 400 2418 mihi
416 2380 517 2435 parcat,
537 2369 635 2419 crimine
652 2385 740 2419 nomen
755 2367 838 2418 habet.

207 2443 307 2493 invideo
324 2442 436 2508 Phryxo,
455 2459 525 2509 quem
539 2460 585 2508 per
600 2443 662 2492 freta
678 2441 750 2493 tristia
765 2454 844 2493 tutum

243 2515 325 2565 Aurea
342 2516 449 2581 lanigero
466 2516 558 2566 vellere
574 2515 641 2565 vexit
658 2517 719 2567 ovis.

208 2587 261 2637 Nec
279 2600 361 2640 tamen
378 2585 482 2636 officium
498 2588 594 2652 pecoris
609 2589 707 2639 navisve
722 2588 840 2654 requiror
928 2596 976 2645 145

243 2660 406 2717 Dummodo,
423 2660 482 2724 qiras
496 2658 583 2708 findam
601 2677 725 2725 corpore,
744 2661 833 2710 dentur
847 2671 925 2723 atr-12.

208 2732 269 2783 Arte
285 2749 350 2800 egeo
365 2730 430 2779 nulli
445 2746 452 2780 t
469 2729 510 2779 fiat
524 2730 597 2781 modd
614 2732 682 2796 copia
696 2731 787 2788 nandi,

244 2806 311 2855 ldem
329 2803 470 2869 navigium,
488 2803 585 2860 navita,
602 2804 704 2859 vestor,
722 2817 774 2851 eto.

209 2878 262 2927 Nec
273 2877 359 2943 sequar
369 2887 412 2925 aut
422 2874 525 2924 Helicen
535 2907 541 2931 ‚
553 2888 609 2944 aut,
621 2874 667 2939 qui
677 2874 758 2941 Tyros
768 2870 859 2933 utitur,
869 2871 958 2925 Λώου
970 2890 977 2925 t

244 2950 341 3000 Publica
358 2966 408 2999 non
424 2960 492 2998 curat
509 2947 587 2997 sidera
603 2946 682 2996 noster
697 2963 773 2996 amor.
929 2964 978 3012 150

207 3022 379 3078 Andromedan
396 3023 457 3072 alius
475 3020 586 3087 speeiet,
606 3016 723 3070 claramve
740 3020 880 3081 Coronam,

246 3092 356 3165 Quinque
372 3095 448 3174 micat
464 3095 546 3167 gelido
563 3092 685 3163 Parrhasis
700 3094 752 3146 ursa
766 3095 835 3164 polo.
877 3153 880 3158 ,
