2392 3892
185 484 188 487 ·
241 464 369 533 Lrnan
394 463 442 531 Η.
467 460 629 529 Eraclia
658 460 794 531 XVII.
825 466 897 558 165

227 595 867 668 a======ist==aeo

308 735 563 801 arnoia
619 703 808 798 XV1a'

202 825 255 943 St
274 892 327 958 quis
345 894 411 953 erit,
430 895 471 960 qui
484 905 557 959 turpe
574 906 644 959 putet
659 892 748 943 servire
764 892 870 959 puelle,

225 964 271 1013 Illo
286 966 517 1039 convincarjudice
533 968 611 1032 turpis
627 983 684 1034 ego.

197 1035 238 1085 Sim
253 1038 313 1088 licet
327 1039 440 1096 infamis3
459 1040 514 1087 dum
528 1056 565 1089 me
581 1034 727 1089 moderatius
742 1050 797 1088 urar
805 1071 815 1097 ‚

143 1135 145 1164 ;
226 1107 287 1173 Quae
308 1110 408 1176 Paphon
426 1112 451 1161 δι
466 1111 537 1161 flattu
553 1111 619 1177 pulsa
635 1112 835 1179 Cytherateuet.

195 1179 270 1248 Atque
280 1184 371 1232 utinam
383 1184 483 1233 dominae
494 1185 545 1233 miti
556 1202 652 1251 quoque
663 1185 743 1250 praeda
753 1183 844 1235 fuiffem
856 1183 865 1237 l
905 1197 920 1249 5

225 1255 344 1305 Formosae
360 1257 471 1322 quoniam
488 1258 569 1322 praeda
585 1258 678 1307 futurus
696 1273 769 1306 eram.

193 1324 240 1377 Dat
255 1328 330 1378 facies
346 1330 438 1379 animos
458 1346 465 1378 ι
483 1330 557 1378 facies
574 1331 683 1378 violenta
699 1329 830 1388 Corinnae,

227 1396 294 1461 (Me
310 1402 420 1451 miserum
437 1402 443 1451 l
463 1402 474 1468 )
493 1417 535 1450 cur
551 1401 584 1450 est
601 1414 650 1450 tam
664 1402 726 1449 bene
743 1412 800 1449 nota
818 1399 885 1452 tibi?

192 1470 287 1522 Scilicet
303 1490 317 1522 a
333 1474 423 1539 speculi
438 1474 560 1524 sumuntur
576 1474 678 1540 imagine
695 1472 785 1523 fastus:

143 1553 146 1561 ’
224 1546 278 1594 Nec
294 1547 340 1597 nisi
358 1548 515 1613 compositam
532 1547 556 1596 se
571 1545 636 1612 priris
653 1547 695 1594 illa
710 1545 787 1594 videt.
909 1559 941 1596 10

189 1616 245 1665 >Non
261 1619 304 1666 tibi
323 1619 343 1667 si
358 1620 432 1668 saciet
449 1620 545 1668 nimium
563 1619 644 1669 datin
660 1618 740 1667 omnia
754 1616 844 1685 regui,

226 1687 274 1752 (O
293 1693 300 1739 1
318 1691 393 1741 facies
409 1694 494 1741 oculos
512 1704 567 1742 nata
582 1704 668 1741 tenere
685 1690 785 1757 meos.)

192 1760 311 1811 Collatum
327 1764 419 1813 idcirco
437 1765 480 1814 tibi
497 1781 536 1814 me
554 1778 710 1815 contemnere
728 1765 812 1813 debes.

225 1834 309 1900 Aptari
329 1838 419 1903 magnis
435 1838 549 1887 inferiora
568 1838 635 1888 licet.
947 1875 952 1901 ,

192 1906 303 1957 Creditur
320 1908 345 1958 ὅ(
362 1910 493 1977 Nympho,
510 1912 618 1961 mortalis
632 1926 733 1965 amore,
752 1906 877 1978 Calypso,
905 1921 937 1973 15

225 1979 323 2046 Capta,
342 1982 497 2033 relustantem
506 1984 636 2034 ‘detinuisse
651 1985 738 2033 virum.

191 2049 303 2102 Creditur
320 2071 455 2119 aequoream
473 2055 561 2105 Phthio
578 2056 688 2106 Nereida
704 2055 775 2122 regi,

224 2125 334 2191 Egeriam
350 2126 412 2191 justo
429 2127 580 2177 concubuisse
598 2130 703 2181 Numae‚

190 2196 306 2251 Vulcano.
317 2200 442 2251 Venerem
458 2216 466 2249 t
484 2198 609 2263 quamvis,
628 2197 716 2247 incude
731 2193 814 2245 aetitia
825 2227 849 2254 ,-

222 2269 339 2336 Turpiter
357 2272 456 2337 obliquo
473 2270 593 2320 claudicet
609 2261 651 2319 ille
667 2268 741 2335 pede.
904 2281 939 2318 ιο

189 2340 305 2392 Carminis
321 2344 369 2392 hoc
386 2344 460 2410 ipsum
476 2359 552 2411 genus
566 2342 668 2407 impar:
687 2340 728 2391 sed
742 2352 824 2391 tamen
839 2336 896 2405 apti

222 2414 335 2483 Iungitur
349 2416 440 2467 ¹laertius
456 2434 509 2466 cum
525 2416 636 2466 breviore
653 2414 737 2465 modo.
831 2428 834 2434 ’

175 2498 177 2501 ⁴
189 2485 226 2537 'su
236 2488 334 2554 quoque
344 2506 382 2538 me
392 2524 400 2549 ,
411 2507 463 2540 mea
474 2492 515 2540 lux
525 2523 533 2548 ‚
550 2490 575 2538 in
584 2489 703 2555 quaslibet
711 2486 795 2554 accipe
805 2486 873 2554 leges
883 2500 892 2538 t

221 2561 261 2610 Te
281 2562 366 2611 deceat
380 2564 460 2613 medio
475 2562 529 2629 jura
546 2562 633 2613 dedisse
650 2577 715 2611 toro.

190 2631 244 2682 Non
259 2633 304 2682 tibi
323 2636 413 2683 crimen
428 2652 492 2695 ero,
509 2652 555 2693 aec
572 2652 621 2701 quo
637 2636 720 2685 laetere
736 2642 855 2683 remote:
902 2642 936 2693 25

222 2706 281 2755 Non
291 2706 345 2753 ⁸erit
360 2706 398 2754 hic
413 2708 483 2755 nobis
500 2705 639 2757 inficiandus
656 2723 732 2756 amor.

189 2776 238 2827 Sint
252 2778 298 2827 tibi
313 2793 360 2842 pro
377 2793 463 2843 magno
478 2778 560 2828 felicia
576 2778 679 2828 carmina
695 2775 787 2827 censu:

222 2850 255 2899 Et
270 2852 351 2899 multae
365 2857 414 2915 per‘
426 2866 465 2898 me
481 2866 570 2918 nomen
583 2850 673 2898 habere
689 2850 786 2897 volunt.
849 2874 859 2885 -

188 2920 253 2970 Novi
270 2923 391 2988 aliquam,
411 2938 464 2988 qua)
482 2921 505 2970 se
522 2921 674 2989 circumferat
691 2916 893 2973 assecularum.

224 2995 261 3043 Ut
277 2992 335 3053 fiat,
353 2995 409 3061 quid
424 3009 473 3045 non
491 2995 531 3043 illa
545 2988 632 3043 dedisse
649 2991 730 3043 velit?
875 3050 876 3053 Ἴ
901 3006 937 3061 3ο

185 3066 237 3117 sed
254 3075 336 3130 neque
347 3069 455 3127 diversi,
474 3067 525 3135 ripd
540 3065 769 3133 labuntur-eidem,

222 3136 334 3205 frigidus
351 3140 454 3195 Eurotas
471 3138 757 3219 populiferque—Padusa
841 3150 844 3156 '
