2392 3892
279 475 282 478 -
326 434 404 499 216
456 426 945 502 OVtorrNAsours

325 546 451 602 Tantum,
468 563 501 595 ne
519 559 625 597 noceant
641 549 731 599 teneris
747 549 809 599 male
825 564 894 616 rapta
909 552 1022 612 labellis,

362 622 435 669 Neve
454 620 522 685 queri
539 622 615 685 possit
635 622 693 670 dura
709 621 775 671 fuisse
785 654 795 677 ,
814 641 884 673 cave.

328 693 420 746 Oscula
434 693 475 759 qui
490 692 589 751 sumsit,
609 693 630 743 si
647 711 696 743 uon
713 694 739 743 δι
754 706 836 744 cetera
852 697 952 756 sumett

265 770 319 835 670
366 767 427 817 Haet
439 782 550 832 quoque,
563 784 617 832 quae
627 767 683 817 data
693 765 760 825 silut,
771 769 874 833 perdere
887 770 976 837 dignus
986 772 1039 825 etit.

331 837 455 905 Quantdm
472 840 582 888 defuerat
596 840 670 905 pleno
686 839 738 905 post
753 841 833 890 oscula
846 845 928 907 voto!

367 913 416 963 Hei
432 912 487 961 mihi
504 911 511 960 l
528 911 660 972 ruslieites,
680 930 729 962 non
745 914 824 978 pudor
839 914 900 974 ille,
920 916 979 968 suit.

329 988 388 1039 Vim
405 986 464 1034 licet
478 986 605 1050 appelles3
624 998 692 1053 grata
706 986 740 1035 est
754 986 789 1035 vis
805 985 847 1035 isla
859 990 968 1053 puellis:

366 1057 443 1120 Quod
458 1056 544 1123 juvat,
563 1058 645 1107 invitae
662 1058 724 1123 saepe
740 1058 829 1109 dedisse
845 1063 943 1113 volunt.

266 1138 317 1205 675
330 1132 494 1197 Quaecumque
511 1130 544 1178 esl
560 1130 635 1179 subitd
651 1131 756 1182 Veneris
774 1131 865 1182 violata
881 1134 983 1199 rupini,
1014 1131 1019 1137 ’

365 1202 486 1253 Gaudet:
501 1202 680 1267 &improbitas
695 1205 799 1254 muneris
814 1205 885 1255 instar
900 1208 985 1260 habet·

327 1276 362 1329 At
374 1292 446 1342 que,
465 1272 518 1324 edm
533 1276 589 1342 cogi
605 1275 702 1342 pollet,
719 1294 768 1327 non
783 1278 844 1326 talla
859 1281 984 1340 recessit,

364 1349 400 1398 Ut
415 1348 512 1398 simulet
526 1351 595 1398 vultu
613 1350 717 1416 gaudia,
735 1349 806 1400 tristis
822 1351 879 1402 erit.

326 1422 386 1477 Vim
401 1420 462 1488 passa
476 1420 509 1471 esl
524 1420 637 1479 Phoebe3
653 1422 689 1473 vis
706 1421 739 1471 est
754 1424 826 1471 allata
842 1422 941 1477 sororia

266 1501 318 1555 680
364 1496 396 1545 Et
412 1507 493 1562 gratus
509 1506 583 1560 raptae
600 1506 682 1561 raptor
698 1506 800 1560 uterque
817 1495 872 1545 fuit.

327 1569 416 1621 Pabula
432 1580 489 1616 nota
505 1567 619 1633 quidem,
638 1568 679 1616 sed
693 1584 742 1616 non
755 1568 853 1633 indigna
867 1570 974 1631 referri,

362 1638 457 1707 Scyrias
473 1640 602 1689 Haemonio
617 1637 697 1704 juufta
712 1641 792 1705 puella
806 1640 871 1693 uiro.

325 1711 381 1768 Jam-
392 1712 447 1761 Dea
463 1712 565 1763 laudatae
580 1713 681 1763 dederat
693 1713 733 1762 sua
747 1714 845 1779 premia
860 1714 962 1775 sormae,

363 1784 436 1835 Colle
452 1785 493 1834 sub
510 1785 578 1835 ldaeo
593 1785 692 1836 vincere
711 1785 779 1852 digna
793 1786 861 1835 duas.

263 1864 313 1925 685
324 1859 376 1912 Jam
390 1873 464 1908 uiuus
478 1857 508 1905 ad
523 1857 640 1907 Priamum
655 1859 749 1908 diverso
763 1869 866 1908 venerat
880 1862 962 1922 orbe,

361 1929 485 1995 Graiaque
501 1929 525 1977 in
542 1930 621 1979 Iliacis
636 1930 753 1979 moenibus
767 1946 828 1979 uxor
845 1944 910 1984 erat.

323 2002 439 2056 Iurabant
455 2018 538 2052 omues
554 2002 579 2051 in
594 2002 645 2051 laesi
660 2004 734 2051 verba
750 2002 849 2055 mariti:

360 2077 422 2125 Nam
438 2075 508 2125 dolor
524 2075 593 2125 unius
610 2077 705 2141 publica
723 2076 791 2125 causa
807 2076 863 2126 suit.

324 2151 423 2216 Turpe,
436 2148 481 2199 nisi
491 2149 539 2198 hoc
549 2150 630 2200 matris
640 2149 751 2215 precibus
761 2148 877 2199 tribuisset
887 2148 1013 2203 Achilles:

261 2226 314 2292 690
359 2222 434 2274 Veste
448 2222 526 2272 virum
542 2222 615 2289 longi
630 2223 788 2272 dissimulatus
805 2235 867 2272 erat.

323 2294 389 2360 Quid
399 2295 458 2345 lacis
468 2327 476 2352 ‚
492 2293 594 2345 AEacide
607 2294 618 2343 i
635 2311 685 2344 non
695 2295 748 2343 sunt
757 2306 799 2344 tua
809 2310 908 2344 munera
918 2296 991 2347 lanae.
1010 2334 1012 2340 .

357 2369 398 2417 Tu
414 2368 498 2416 titulos
514 2368 559 2416 alid
575 2367 677 2416 Palladis
694 2378 746 2416 arte
762 2378 840 2432 petas.

322 2440 388 2505 Quid
396 2439 440 2489 tibi
449 2455 501 2488 cum
509 2438 711 2505 calathis?clypeo
720 2450 864 2503 manusapte
872 2438 977 2491 serendo
985 2438 1029 2490 est.

358 2510 431 2561 Pensa
442 2511 498 2576 quid
509 2511 533 2559 in
545 2511 629 2559 dextra
640 2544 648 2568 ‚
666 2504 713 2575 qu‘a
720 2511 794 2560 cadet
805 2511 899 2562 Hesior
910 2545 919 2572 ,
934 2513 1007 2563 babes
1018 2510 1029 2563 ἓ

259 2588 308 2655 695
319 2573 405 2649 Re'jice
419 2582 549 2633 sue'cinslos
565 2583 669 2648 operoso
686 2581 782 2633 stamine
796 2583 870 2634 susos.

357 2654 491 2723 Quassanda
506 2654 594 2705 eskilli
610 2654 687 2706 Pelias
702 2656 766 2706 hasla
781 2673 862 2707 manu.

320 2733 394 2783 Forte
411 2742 462 2781 erat
478 2730 502 2779 in
517 2732 622 2780 thalamo
638 2723 710 2798 virgo
723 2730 810 2797 regalis
827 2730 936 2782 eodemt

338 2861 341 2866 ¹
357 2805 417 2854 bsaec
431 2804 497 2852 illum
513 2803 592 2870 stupro
610 2804 727 2869 comperit
743 2802 790 2853 esse
805 2804 891 2853 virum.

319 2877 419 2931 Viribus
430 2877 470 2925 illa
481 2878 576 2941 quidem
587 2876 647 2926 vista
659 2877 708 2933 est,
725 2878 758 2926 ita
768 2875 869 2924 credere
880 2887 980 2940 oportet
990 2892 1006 2927 ε’

233 3010 239 3020 ·
257 2964 309 3016 7oo
355 2950 403 2999 Sed
419 2949 498 2997 voluit
512 2950 577 2998 vinci
592 2949 681 2998 viribus
697 2949 737 2997 illa
753 2961 842 2997 tamen.

319 3020 388 3084 Saepe
399 3054 407 3078 ,
419 3020 494 3069 Mane
505 3054 513 3079 ‚
525 3023 602 3080 dixit,
623 3019 676 3069 etim
685 3018 732 3083 jam
742 3031 884 3082 properaret
895 3019 1005 3072 Achilles
1016 3036 1022 3070 :
1055 3048 1057 3052 .

354 3092 439 3143 Fortia
454 3109 509 3144 nam
522 3093 602 3162 positi
616 3091 727 3143 sumserat
740 3092 885 3143 armacolo.

975 3186 1022 3240 vis
