2392 3892
286 477 357 548 106
405 480 446 544 P.
477 475 662 546 OVIDII
689 477 910 549 NAsonrs

281 600 395 664 Dumque
410 596 452 646 suo
466 606 546 645 tentat
559 594 681 644 salientem
695 597 786 663 pollice
802 612 907 657 venam,

222 686 273 732 140
321 669 431 720 Candida
444 684 489 734 per
503 668 595 718 causam
609 669 707 718 brachia
722 668 784 735 saepe
800 681 889 721 tenet:

283 742 473 809 Contreslatque
489 741 574 800 sinus,
592 742 618 791 dt
634 742 735 793 forsitan
753 743 834 793 oscula
848 743 935 812 jungit.

319 815 411 867 Officio
425 831 519 865 merces
531 814 628 879 plenior
640 814 682 864 ista
697 816 739 865 suo
755 816 798 867 est.

283 888 346 955 Quis
359 889 402 940 tibi
416 888 525 955 permisit
539 886 629 938 nostras
639 896 798 955 'precerpere
810 886 918 941 messes?

318 963 359 1013 nd
373 963 453 1031 sepem
466 961 566 1011 alterius
581 962 633 1027 quis
649 962 691 1010 tibi
706 961 765 1012 lecit
776 960 846 1013 iter?

224 1048 272 1096 145
282 1035 328 1088 lsle
345 1037 410 1085 sinus
424 1050 492 1084 meus
506 1032 539 1083 est
553 1049 561 1084 τ
576 1049 630 1083 mea
644 1035 747 1099 turpiter
761 1034 843 1087 oscula
856 1033 936 1087 sumis.

320 1109 341 1158 A
358 1108 415 1158 mihi
430 1104 541 1173 promisso
556 1122 661 1172 corpore
675 1109 737 1157 tolle
753 1125 846 1160 manus.

282 1178 982 1248 improbe,tollemanus:quamtangis‚nostrasuturaest:

319 1250 446 1304 Postmodd
461 1252 482 1302 si
494 1251 568 1303 facias
582 1250 661 1311 istud,
678 1254 774 1304 adulter
787 1255 845 1305 eris.

281 1326 350 1394 Elige
365 1326 395 1376 de
414 1326 514 1386 vacuis,
533 1342 603 1393 quam
616 1326 725 1377 nonsibi
741 1327 848 1379 vindicet
864 1329 945 1379 alter:

221 1412 233 1451 t
239 1414 272 1463 50
318 1401 343 1450 Si
357 1400 455 1459 nescis,
471 1399 592 1449 dominum
608 1416 647 1451 res
660 1400 734 1450 habet
748 1400 788 1451 ista
804 1400 881 1451 suum.

281 1473 336 1524 Nec
352 1471 410 1524 mibi
427 1472 580 1524 credideris:
596 1473 713 1524 recitetur
728 1472 832 1523 sormula
845 1472 919 1541 padi.

318 1548 375 1597 Neu
389 1546 470 1597 falsam
487 1546 553 1597 dicas
570 1545 637 1605 elle,
652 1546 689 1597 sac
704 1545 752 1611 ipsa
766 1546 842 1613 legit.

281 1618 390 1670 Alterius
403 1620 527 1678 thalamo,
542 1620 585 1669 tibi
600 1636 663 1678 nos,
679 1618 722 1670 tibi
737 1618 857 1678 dicimus,
877 1618 930 1672 exi.

319 1691 385 1755 Quid
399 1692 457 1744 sacis
470 1692 533 1742 hic?
552 1692 591 1742 exi
608 1708 616 1743 a
633 1709 682 1742 non
696 1704 767 1742 vacat
781 1692 823 1743 isle
838 1706 917 1743 torus.

221 1780 269 1829 155
282 1765 344 1814 Nam
354 1765 420 1832 quod
433 1766 507 1815 habes
517 1765 543 1815 dc
553 1776 580 1814 tu
591 1766 686 1815 humani
695 1766 769 1815 verba
780 1767 856 1816 altera
866 1765 948 1833 pasti,

317 1839 374 1887 Nou
388 1839 435 1888 erit
449 1837 541 1888 idcirco
556 1856 600 1904 par
614 1850 655 1887 tua
671 1839 740 1888 causa
754 1855 826 1891 meae.

280 1909 341 1960 Haec
351 1910 409 1959 mibi
418 1910 442 1959 se
452 1910 561 1977 pepigit,
573 1923 643 1977 patet
652 1912 713 1960 banc
723 1912 782 1963 tibi:
793 1912 882 1977 primus
892 1912 921 1961 ab
932 1910 990 1969 i11t;

316 1982 364 2032 Sed
379 1982 478 2048 propior
492 1980 579 2042 certi,
598 1986 667 2049 quim
681 1997 770 2050 pater,
785 1985 833 2053 ipsa
848 1985 894 2035 sibi
909 1983 952 2035 est.

280 2054 392 2106 Promisit
407 2066 475 2121 pater
489 2055 571 2115 hanc,
588 2056 641 2106 haec
655 2057 776 2122 adjuravit
790 2058 897 2109 amanti:

221 2131 269 2181 160
316 2129 360 2181 llle
375 2128 504 2187 homines,
520 2129 573 2180 haec
588 2130 622 2179 eli
635 2130 759 2182 testificata
773 2132 863 2182 Deam.

278 2202 326 2253 llic
341 2202 427 2254 metuit
442 2204 565 2263 mendax,
581 2204 652 2254 timet
667 2205 720 2255 haec
736 2203 833 2271 perjura
850 2201 944 2255 vocari.

315 2276 380 2327 Num
395 2277 506 2336 dubites,
524 2277 563 2327 hic
578 2277 610 2328 sit
625 2276 720 2340 major,
736 2294 766 2327 an
783 2278 823 2326 ille
839 2290 918 2328 metus
930 2274 955 2325 ξ’

278 2348 412 2415 Denique,
428 2361 455 2400 ut
467 2351 592 2402 amborum
606 2351 718 2400 conferre
730 2350 837 2414 pericula
851 2350 953 2413 possis,

314 2421 416 2489 Respice
432 2423 462 2472 ad
480 2438 583 2474 eventus
599 2440 607 2473 ι
624 2424 675 2472 haec
692 2422 782 2479 cubat,
800 2421 842 2469 ille
858 2424 935 2473 valet.

219 2493 266 2559 165
279 2496 331 2545 Nos
347 2511 443 2562 quoque
459 2497 566 2547 dissimili
581 2494 710 2545 certamina
724 2505 806 2543 mente
821 2493 946 2547 subimus:

314 2568 369 2617 Nec
383 2568 435 2636 spes
450 2586 493 2635 par
508 2570 596 2625 nobis,
614 2584 660 2617 nec
673 2568 747 2617 timor
761 2584 843 2633 aequus
859 2569 933 2619 adest.

277 2640 317 2691 Tu
332 2641 394 2707 petis
409 2659 440 2692 ex
456 2654 530 2702 tuto,
548 2640 645 2709 gravior
660 2640 717 2689 mihi
733 2652 813 2692 morte
827 2642 920 2707 repulsa
936 2640 989 2692 etl:

315 2714 389 2782 ldque
404 2731 451 2783 ego
465 2715 530 2782 jam,
545 2715 611 2781 quod
625 2726 653 2764 tu
666 2714 746 2765 forsan
761 2715 869 2777 amabis,
886 2732 952 2769 arne,

277 2785 303 2835 Si
320 2788 363 2837 tibi
379 2788 491 2853 justitiae,
509 2789 531 2839 si
546 2787 605 2838 resti
620 2805 677 2839 cura
693 2788 792 2849 suisset3
854 2799 861 2814 ·

219 2873 268 2924 170
315 2860 412 2911 Cedere
429 2864 547 2914 debueras
561 2863 657 2932 ignibus
672 2863 721 2930 ipse
737 2862 807 2913 meis.

277 2933 301 2981 N
304 2950 349 2983 une
364 2936 474 3000 quoniam
488 2937 554 2987 serus
567 2936 608 2987 hic
624 2954 668 3004 pro
683 2937 751 2987 causa
762 2943 853 3001 pugnat
866 2931 969 3002 iniqui,

314 3006 353 3055 Ad
367 3008 439 3073 quid,
456 3008 587 3076 Cydippe,
603 3010 672 3060 litera
687 3008 763 3057 nostra
778 3003 865 3055 redit?

277 3077 325 3127 Hic
341 3079 400 3128 facit
417 3092 443 3129 ut
458 3080 559 3145 jaceas,
579 3081 650 3131 &sis
666 3078 768 3144 suspesla
785 3078 895 3134 Dianae:

313 3150 385 3202 Hunc
401 3163 449 3212 tu,
465 3154 487 3204 si
502 3152 596 3220 sapias,
611 3152 683 3203 limen
697 3152 763 3205 adire
777 3164 860 3209 vetes.
