2392 3892
349 802 796 873 Harrsvrrcou.
863 827 939 900 295

228 921 392 989 Obletletque
410 939 508 981 moras,
528 924 554 974 δι
571 923 640 972 molli
657 921 745 972 serviat
760 923 833 990 alge.

225 996 362 1062 Descripsit
380 997 448 1048 sedes
463 995 529 1046 varie
545 998 639 1046 Natura
655 995 789 1061 profundi:

225 1069 281 1118 Nec
297 1070 394 1120 cunslos
411 1074 458 1120 und
474 1071 553 1120 voluit
569 1070 699 1121 consislere
717 1068 804 1133 pisces.

225 1142 289 1191 Nam
298 1144 403 1210 gaudent
412 1145 514 1209 pelago,
525 1145 608 1208 quales
616 1143 790 1208 Scombrique,
800 1142 938 1209 Bovesque,

225 1214 330 1281 Hippuri
347 1219 460 1275 celeres,
479 1217 504 1266 dt
517 1217 586 1283 nigro
602 1229 702 1284 tergore
719 1215 812 1273 Milvi3
946 1229 979 1280 95

225 1287 260 1336 Et
276 1288 394 1354 pretiosus
412 1288 526 1354 Helops,
543 1288 627 1340 nostris
643 1287 780 1356 incognitus
797 1288 887 1347 undi53

224 1360 264 1410 Ac
282 1362 355 1411 durus
369 1361 489 1427 Xiphias,
507 1361 554 1412 istu
569 1379 619 1412 non
636 1362 718 1412 mitior
734 1361 817 1412 ensis:

224 1433 258 1482 Et
275 1434 356 1498 pavidi
371 1451 457 1500 magno
473 1435 596 1502 fugientes
612 1436 706 1504 agmine
722 1434 831 1485 Thunni.

224 1505 303 1555 Parva
313 1507 435 1557 Echeneis
443 1508 508 1558 adest
519 1524 526 1558 t
536 1510 621 1559 mirum
634 1509 640 1556 l
652 1525 720 1558 mora
729 1509 849 1575 puppibus
859 1505 943 1574 ingens
954 1522 962 1558 t

224 1578 314 1645 Tuque
326 1596 407 1631 comes
417 1582 502 1630 ratium
515 1615 523 1640 ,
542 1582 657 1648 tradique
668 1599 712 1647 per
722 1599 820 1647 aequora
832 1582 892 1631 sulci
950 1595 1000 1630 100

225 1649 277 1714 Qui
292 1653 384 1719 semper
400 1653 491 1718 spumas
509 1656 635 1719 sequeris,
654 1654 783 1719 Pompile,
800 1656 927 1704 nitentes:

225 1724 400 1792 Cercyrosque
417 1727 506 1784 ferox,
525 1726 679 1792 scopulorum
694 1724 743 1774 line
756 1740 863 1776 moratus
875 1744 885 1785 ς

224 1797 381 1859 cantharus,
399 1799 507 1866 ingratus
525 1800 597 1851 succo
614 1816 622 1850 s
639 1812 690 1848 tum
706 1800 825 1849 concolor
841 1801 877 1849 illi

223 1868 341 1936 Orphas,
360 1873 509 1939 caeruleique
525 1875 615 1923 rubens
630 1871 761 1939 Erythinus
778 1872 803 1922 in
818 1873 891 1923 unda.

222 1944 326 2011 Insignis
341 1946 478 2013 sargusque
494 1947 577 2006 notis,
595 1946 693 2012 insignis
711 1946 737 1996 δι
752 1945 796 1996 alis
808 1960 820 1997 r·
948 1959 997 2008 105

221 2015 254 2066 Et
271 2017 341 2083 super
360 2018 442 2068 aurati
459 2019 572 2084 Sparulus
589 2021 686 2070 cervice
702 2018 847 2086 refulgens3
880 2069 893 2075 ..

219 2089 253 2138 Et
270 2092 355 2140 rutilus
371 2089 469 2156 Pagus,
486 2090 512 2141 δι
526 2092 586 2142 fulvi
603 2092 777 2160 synodontes,
797 2093 823 2142 δι
838 2108 871 2141 ex
887 2090 915 2142 se

222 2160 373 2228 Concipiens
389 2162 508 2222 Chaone,
526 2165 622 2232 gemino
637 2165 746 2214 fraudata
760 2178 871 2231 parente.

219 2235 285 2284 Tum
301 2235 384 2286 viridis
400 2235 521 2302 squamis,
540 2255 616 2303 parvo
634 2236 747 2291 saxatilis
764 2254 828 2297 ore,

219 2307 253 2356 Et
269 2325 336 2358 rarus
353 2311 449 2369 Faber,
469 2310 495 2361 ἃ
511 2312 579 2376 pista
595 2312 756 2380 Mormyres,
775 2312 802 2362 δι
818 2311 871 2363 auri
946 2324 997 2362 rto

220 2380 391 2450 Chrysophrys
406 2383 498 2437 imitata
514 2386 588 2435 decus
605 2403 613 2435 r
630 2399 681 2435 tum
699 2386 809 2450 corporis
826 2386 924 2436 Umbrae

218 2453 348 2512 Liuentis,
365 2455 489 2520 rapidique
503 2455 584 2522 Lupi,
602 2457 754 2522 Percaeque,
770 2458 905 2523 Tragique.

219 2526 287 2591 Quin
304 2529 375 2579 laude
392 2528 491 2595 insignis
509 2529 592 2579 caudae
610 2528 773 2586 melanurus,
792 2528 818 2591 δι
835 2530 923 2580 ardens

218 2600 318 2650 Auratis
335 2602 447 2653 Muraena
462 2601 544 2662 notis,
563 2603 717 2668 Merulaeque
733 2602 862 2667 virentes,

217 2673 366 2740 immitisque
382 2674 429 2726 suae
444 2675 543 2742 Conger
557 2693 601 2743 per
615 2677 717 2726 vulnera
731 2675 830 2742 geuthe
855 2711 862 2720 .
942 2687 992 2737 115

216 2745 250 2795 Et
267 2748 351 2812 capitis
367 2749 428 2800 duro
444 2750 568 2801 nociturus
586 2751 703 2816 Scorpios
718 2748 784 2807 islu,
879 2810 883 2818 Ι

215 2820 255 2869 Ac
274 2837 401 2886 numquam
416 2822 497 2872 aeslivo
513 2824 655 2890 conspeslus
671 2823 751 2872 sidero
768 2823 889 2874 clauum
938 2815 941 2821 ⁴

215 2891 253 2942 At
269 2899 353 2945 coutrd
368 2895 473 2946 herbosi
489 2897 565 2962 pisces
584 2899 694 2948 laxantur
710 2897 802 2956 areni,
850 2908 859 2921 ··

215 2964 254 3014 Ut
267 2966 373 3026 Scarus,
393 2969 483 3034 epastas
500 2971 563 3020 solus
580 2973 621 3037 qui
637 2971 741 3020 ruminat
756 2971 822 3022 escas
832 2985 858 3028 3.

214 3038 404 3104 secundumque
415 3057 490 3108 genus
496 3038 919 3108 Maenae,l.anirosque,smarisque‚
940 3050 991 3090 120

214 3112 300 3178 Atque
316 3110 436 3162 immunda
451 3112 563 3167 Chromis
576 3149 584 3176 ,
603 3113 690 3167 metito
703 3116 818 3167 vilissima
833 3115 915 3180 Salpe.

214 3277 298 3344 Atque
313 3277 392 3328 avium
408 3278 491 3329 dulces
506 3280 576 3333 nidos
591 3281 684 3347 imirata
697 3281 740 3331 sub
755 3279 836 3332 undis.

215 3348 250 3399 Et
264 3350 384 3417 Squalus,
406 3352 432 3402 δι
446 3351 515 3401 tenui
531 3352 629 3404 suffusos
645 3354 759 3422 sanguine
775 3352 888 3404 Multus:

214 3421 347 3486 Fulgentes
363 3425 443 3475 Soleae
459 3425 584 3484 candore,
603 3427 631 3478 δι
645 3427 765 3477 concolor
779 3425 826 3477 illis

214 3492 313 3554 Passer,
333 3496 359 3548 δι
373 3499 481 3550 Adriaco
497 3498 616 3552 mirandus
631 3501 704 3552 litore
718 3499 862 3552 Rhonsbus:
936 3511 985 3560 125

816 3573 839 3622 N
853 3572 878 3622 iv
