2392 3892
319 444 597 514 Henotnns.
623 446 700 514 Ee.
726 448 830 517 XIX.
877 470 930 542 99

221 563 252 618 ln
267 576 309 615 tua
323 566 344 615 si
358 566 457 616 veniant
473 565 544 615 alieni
561 565 625 614 colla
643 565 748 622 lacertia

259 638 345 706 Sitque
361 656 439 692 novus
455 639 527 689 nostri
544 637 596 687 sinis
613 638 701 687 amoris
718 653 794 689 amor.

222 710 261 761 Ah
274 711 280 760 !
294 712 374 777 potius
389 730 507 778 peream,
522 714 592 777 quam
608 711 709 760 crimine
724 712 839 762 vulneret
850 712 893 764 islo
908 713 915 763 l
942 730 990 779 105

257 784 364 851 Fataque
378 786 426 836 sint
446 785 518 849 culpi
534 782 612 833 noslra
627 784 708 849 priora
726 783 789 833 tuis

220 856 275 907 Nec
292 858 349 923 quia
364 859 462 908 venturi
480 856 575 906 dederis
590 856 649 905 mihi
663 858 731 923 signa
746 857 856 918 doloris,

255 928 319 979 Haec
332 932 441 996 loquor}
459 942 502 979 aut
516 928 578 978 sami
593 928 712 979 solicitata
728 929 802 980 novi.

218 1000 312 1053 Omnia
329 1002 371 1052 sed
385 1018 498 1053 vereor:
515 1002 567 1068 quis
582 1002 647 1051 enim
662 1002 759 1052 securus
776 1000 885 1054 amavit}

206 1057 220 1077 ⁸
255 1073 334 1141 Cogit
349 1074 499 1126 &absentes
515 1076 583 1141 plura
598 1078 685 1126 timere
702 1077 782 1129 locus.
931 1091 995 1128 -110

215 1146 234 1197 F
237 1146 316 1196 elices
330 1146 400 1207 illas,
419 1149 459 1198 sua
474 1165 532 1216 quas
550 1149 677 1215 praesentia
693 1148 760 1200 nosse

254 1219 361 1271 Crimina
376 1239 435 1272 vera
452 1220 538 1287 jubet,
558 1223 616 1272 salsa
633 1223 717 1273 timere
735 1224 824 1275 vetat!

214 1292 270 1343 Nos
287 1306 336 1343 tam
351 1311 413 1345 vana
429 1307 535 1351 movet,
554 1297 624 1359 quam
641 1295 702 1344 sada
715 1295 802 1360 injuria
816 1297 898 1349 saliit:

252 1366 340 1417 Incitat
357 1367 384 1417 ἃ
403 1367 495 1417 morsus
512 1382 581 1416 error
598 1377 702 1431 uterque
720 1383 799 1432 pares.

216 1437 241 1488 0
259 1439 265 1489 Ξ
285 1441 377 1489 utinam
395 1440 479 1490 venias
500 1437 507 1487 !
528 1451 571 1489 aut
588 1452 616 1489 ut
633 1451 752 1489 ventusve
771 1452 888 1505 paterve,
939 1455 986 1505 115

250 1512 377 1580 Causaque
392 1514 425 1564 sit
444 1524 518 1574 certae
536 1513 626 1563 semina
645 1514 710 1562 nulla
728 1512 823 1562 morae!

214 1584 289 1649 Quod
300 1587 319 1636 si
330 1604 400 1652 quam
409 1586 486 1636 sciero
497 1620 504 1645 ,
515 1587 624 1645 moriar,
636 1582 794 1644 mihicrede,
807 1586 924 1638 dolendo.

248 1658 393 1710 iamdudum
411 1676 518 1725 peccas,
536 1659 557 1709 si
574 1676 628 1709 mea
647 1659 696 1709 fata
712 1659 800 1725 petis.¹

212 1730 261 1780 Sed
276 1747 356 1798 neque
372 1733 504 1797 peccabis,
520 1731 653 1799 frustraque
670 1749 717 1800 ego
731 1746 829 1784 terreor
845 1731 913 1785 istist

248 1803 356 1869 Quoque
371 1804 566 1863 mindswenias,
584 1805 665 1855 invida
682 1819 772 1874 pugnat
788 1807 874 1856 hiems.
932 1819 983 1857 120

211 1874 255 1927 Me
272 1878 380 1928 miseram
398 1877 404 1927 !
422 1892 512 1945 quanto
529 1880 676 1947 planguntur
691 1880 763 1931 litora
779 1878 871 1931 sluslu!

246 1950 279 2000 Et
294 1952 355 2000 later
370 1951 470 2002 obscuri
485 1953 582 2003 condita
598 1954 663 2003 nube
680 1952 740 2004 dies.

210 2022 322 2074 Forsitan
336 2024 367 2073 ad
382 2038 483 2092 pontum
498 2038 574 2080 mater
590 2026 629 2092 pia
645 2026 741 2077 venerit
754 2025 841 2077 Helles
853 2023 862 2076 l

243 2096 374 2163 Mersaque
389 2098 477 2149 roratis
495 2112 551 2149 nata
564 2099 651 2148 fleatur
666 2098 751 2164 aquis:

210 2167 246 2219 An
261 2186 348 2228 mate,
370 2170 399 2219 ab
416 2169 493 2218 inviso
508 2170 622 2237 privignae
639 2169 737 2218 nomine
757 2167 863 2228 dislum,
929 2182 978 2235 125

242 2244 327 2297 Vexat
343 2241 369 2290 in
385 2256 522 2307 aequoream
538 2239 611 2291 versa
626 2256 732 2290 noverca
748 2240 853 2291 Deam?

209 2314 263 2365 Non
279 2316 366 2373 seret,
384 2325 412 2364 ut
430 2330 495 2369 nunc
512 2312 566 2373 esi,
584 2314 676 2364 teneris
692 2314 761 2363 locus
775 2312 818 2364 isle
833 2313 929 2381 puellis·

241 2388 296 2439 Hac
314 2387 389 2438 Helle
404 2387 496 2454 periit,
517 2388 563 2438 hac
580 2404 627 2456 ego
643 2387 720 2437 laedor
737 2385 808 2454 aqui.

208 2460 240 2521 At
252 2461 299 2512 tib‘i
313 2460 458 2512 flammarum
473 2460 592 2521 memori,
612 2462 747 2529 Neptune,
766 2473 861 2512 tuarum

239 2535 329 2586 Nullus
345 2547 397 2585 erat
409 2535 488 2585 ventis
502 2535 668 2603 impediendus
684 2550 773 2586 amor:
924 2548 977 2601 130

207 2606 229 2657 st
245 2624 326 2675 neque
341 2607 498 2675 Amymone,
516 2625 563 2659 nec
578 2608 737 2659 laudatissima
752 2606 832 2659 sormi

240 2680 353 2731 Criminis
369 2678 403 2729 est
416 2680 485 2747 Tyro
501 2681 582 2731 sabula
596 2698 658 2731 vana
672 2682 729 2741 tui;

204 2752 342 2821 Lucidaque
360 2750 493 2818 Alcyone,
512 2752 633 2819 Circeque
649 2754 675 2803 &
690 2754 812 2820 Alymone
826 2764 900 2815 nata,

239 2828 270 2878 Et
285 2826 393 2878 nondum
409 2825 477 2875 nexis
492 2841 570 2891 angue
587 2824 689 2875 Medusa
705 2826 801 2884 comis;

204 2900 324 2968 Flavaque
341 2898 468 2956 Laodice,
489 2900 601 2965 coeloque
617 2910 717 2964 recepta
735 2898 855 2958 Celaeuo,
920 2914 968 2967 135

240 2973 272 3023 Et
286 2989 384 3039 quarum
397 2972 496 3023 memini
512 2972 608 3023 nomina
624 2971 684 3021 lesia
701 2972 767 3022 mihi.

204 3044 255 3097 Has
273 3044 339 3096 certe
351 3048 481 3114 pluresque
501 3059 607 3104 canunt,
624 3047 758 3112 Neptune,
776 3044 857 3114 poe’tae

238 3117 320 3172 Molle
336 3119 398 3182 latus
411 3122 482 3175 lateri
499 3119 655 3194 composuisse
670 3132 724 3175 tuo.
786 3128 788 3132 ’
826 3128 828 3131 ’
897 3116 910 3129 ”

809 3210 861 3279 Et]
