2392 3892
241 347 402 442 Lrann
424 337 456 415 Ι.
483 314 679 428 'aram
700 345 797 417 VIII.
828 344 911 445 131'
949 351 952 357 ’

194 467 256 517 Tam
273 466 333 516 felix
349 463 427 524 esses,
447 467 517 532 quim
533 464 724 525 formosissima,
741 470 841 521 vellem.

229 542 288 589 Non
306 555 374 606 ego,
390 550 416 588 te
433 538 495 588 iasii
514 539 609 595 divite,
629 555 721 606 pauper
736 556 789 591 ero.
884 548 887 551 ’

192 614 270 665 Stella
286 613 331 661 tibi
347 612 453 679 oppositi
471 612 556 661 nocuit
572 613 693 662 contraria
708 612 806 664 Martis.

226 685 297 736 Mars
311 686 387 743 abiit,
407 686 478 753 signo
495 701 559 733 nunc
576 687 663 738 Venus
678 698 734 751 apta
750 700 805 738 tuo.
912 701 949 760 30

191 758 272 811 Prosit
288 770 316 809 ut
334 758 486 815 adveniens,
507 772 538 806 en
554 758 632 822 aspice
648 775 655 808 :
675 760 742 808 dives
758 774 850 812 amator

224 833 265 883 Te
284 831 374 897 cupit3
394 833 420 879 &
438 846 520 886 curae,
538 831 595 896 quid
610 830 654 880 tibi
671 831 750 891 desit,
769 834 854 885 habet.

190 905 230 957 Est
246 905 322 957 etiam
340 902 435 959 facies,
453 920 507 970 quae
523 902 547 953 se
561 904 605 954 tibi
622 917 763 971 comparet,
785 907 840 957 illi:

225 979 253 1030 si
269 991 297 1028 te
315 992 366 1026 non
381 989 468 1026 emtam
484 977 581 1037 vellet,
599 979 716 1029 emendus
731 992 793 1031 erar.

189 1052 303 1104 Erubuit.
322 1049 405 1101 Decet
420 1052 473 1100 alba
487 1050 584 1117 quidem
597 1052 677 1118 pudor
690 1070 733 1104 ora
749 1069 757 1105 t
773 1053 814 1105 sed
830 1053 872 1106 iste
883 1082 902 1116 ,ι
912 1067 925 1122 3
932 1071 944 1119 5

226 1126 252 1176 si
270 1124 386 1183 simules,
405 1123 503 1191 prodest
519 1141 527 1175 a
543 1142 617 1176 verus
632 1126 801 1179 obesse'solet.

188 1197 252 1251 Ciun
266 1199 331 1248 bene
348 1194 447 1262 dejeuis
464 1198 580 1265 gremium
595 1198 710 1264 spetialis
727 1201 830 1261 ocellis,

225 1270 351 1336 Quantum
367 1270 468 1336 quisque
485 1270 567 1330 serat,
586 1270 749 1337 respiciendus
766 1274 823 1324 erit.

143 1379 146 1388 ·
189 1345 301 1397 Forsitan
317 1343 463 1403 immundae,
483 1343 558 1395 Tatio
576 1356 715 1413 regnante,
735 1345 829 1396 Sabinae

225 1418 357 1470 Noluerint
371 1417 463 1467 habiles
481 1418 589 1485 pluribus
607 1417 654 1469 esse
670 1417 738 1469 viris.
910 1435 947 1483 40

188 1489 260 1543 Nunc
276 1490 345 1541 Mars
360 1491 467 1541 externis
485 1490 577 1542 animos
595 1503 697 1543 exercet
713 1491 738 1541 in
754 1490 846 1552 armis3

225 1566 259 1614 At
276 1565 366 1618 Venus·
377 1562 463 1617 AEneae
479 1577 565 1633 regnat
581 1566 606 1616 in
621 1566 682 1616 urbe
698 1564 741 1615 sui.

189 1639 296 1698 Ludite,
313 1637 423 1690 sormosae
439 1654 447 1688 z
463 1638 525 1689 casta
543 1637 597 1699 est,
616 1656 688 1708 quana
703 1655 776 1689 nemo
792 1637 907 1708 rogavitt

225 1712 295 1770 Aut,
315 1710 336 1761 si
346 1710 466 1780 ,rusticitas
482 1730 532 1764 non
546 1724 634 1773 vetat,
650 1712 699 1779 ipsa
713 1724 794 1781 rogat.

189 1785 239 1836 Has
251 1799 349 1851 quoque
360 1818 371 1846 ,
386 1800 444 1853 quas
454 1785 541 1837 frontis
552 1802 624 1855 rugas
634 1787 659 1837 in
668 1786 763 1837 vertice
772 1797 875 1853 portas,
908 1800 943 1852 45

225 1859 319 1908 Excute
335 1872 344 1908 ι
360 1860 390 1912 de
408 1860 473 1927 rugis
490 1860 586 1911 crimina
601 1862 676 1910 multa
691 1861 789 1914 cadent.

191 1929 313 1999 Penelope
327 1925 443 1997 iuvenum
460 1934 524 1984 vires
540 1935 651 1984 tentabat
664 1934 689 1983 in
703 1950 781 1984 arcu:

224 2005 274 2069 Qui
290 2005 354 2054 larus
369 2018 503 2071 argueret,
520 2023 625 2055 corneus
641 2022 711 2054 arcus
728 2016 794 2054 erat.

189 2078 286 2129 Labitur
302 2076 419 2133 occulte,
438 2077 547 2142 fallitque
563 2077 669 2127 volatilis
684 2088 767 2133 aetas;

223 2151 259 2201 Ut
276 2150 346 2200 celer
362 2147 470 2200 admissis
489 2149 576 2199 labitur
593 2148 668 2199 amnis
686 2148 765 2215 aquis.
912 2161 946 2215 50

189 2222 246 2276 AEra
260 2224 342 2273 nitent
354 2222 399 2275 usu
415 2237 423 2273 ε
438 2221 508 2274 vestis
524 2224 588 2275 bona
604 2220 692 2289 quaerit
704 2218 810 2274 haberit

225 2296 363 2348 Canescunt
379 2296 445 2363 turpi
460 2296 524 2349 testa
540 2295 624 2349 reuera
642 2295 701 2347 situ.

143 2376 144 2379 ’
190 2371 275 2422 Forma
287 2401 296 2428 ‚
312 2369 359 2420 nisi
372 2370 501 2431 admittar,
520 2372 587 2423 nullo
604 2381 756 2429 exercente,
769 2367 890 2424 senescit:

223 2445 280 2495 Nec
298 2441 352 2494 satis
369 2442 466 2495 effeetus
484 2461 545 2496 unus
562 2446 589 2497 δι
605 2447 667 2496 alter
682 2445 784 2495 habent.

189 2516 288 2570 Certior
304 2532 318 2567 e
333 2516 433 2577 multis,
455 2536 502 2569 nec
517 2531 566 2569 tam
581 2517 696 2568 invidiosa
711 2517 794 2582 rapina
810 2515 863 2568 ests
911 2530 946 2582 55

222 2589 300 2643 Plena
316 2590 384 2640 venit
401 2588 466 2641 canis
482 2592 513 2641 de
528 2582 609 2660 grege
620 2591 701 2658 praeda
717 2590 791 2656 lupis.

189 2664 274 2723 Ecce,
294 2662 352 2727 quid
368 2659 410 2710 iste
425 2673 481 2713 tuus
495 2677 666 2730 praeter'nova
681 2661 787 2712 carmina
803 2671 874 2715 vetes

224 2733 332 2788 Donat?
354 2735 466 2785 amatoris
482 2736 555 2786 millia
573 2737 647 2785 multa
661 2736 741 2803 leges.

188 2811 242 2879 lpse
258 2811 330 2862 Deus
347 2822 447 2868 vatum,
465 2808 529 2875 palli
545 2807 676 2873 spedabilis
692 2806 765 2878 aurei
774 2840 787 2866 ,

225 2884 326 2934 staua:
340 2884 456 2936 inauratae
473 2882 579 2935 consona
593 2880 634 2932 fila
650 2883 718 2951 lyrae.
906 2882 945 2938 do

190 2956 242 3023 Qui
260 2956 343 3016 dabit,
361 2958 403 3009 ille
419 2957 463 3009 tibi
479 2974 566 3027 magno
582 2956 614 3007 sit
628 2955 705 3025 major
718 2953 847 3014 Homeros

189 3028 192 3033 ’
228 3029 310 3083 Crede
324 3032 405 3096 milit
421 3049 462 3086 res
478 3031 512 3085 est
527 3030 650 3102 ingeniosa
659 3065 671 3095 ‚
686 3030 752 3084 date.

795 3121 856 3193 ij
929 3187 933 3198 Ι
