2392 3892
373 457 427 526 94
473 436 515 505 P.
545 437 732 505 01'1011
760 437 985 506 NAson'rs

374 560 408 605 At
420 558 475 603 miii
487 589 495 612 ,
512 558 577 620 q.·od
588 555 688 606 Perseus
699 559 723 605 ἃ
735 574 789 605 cum
799 557 862 607 Jove
874 558 946 607 Liber
954 568 1064 615 amarunt,

411 629 527 678 indicium
541 630 620 679 dubie
634 646 683 678 non
698 631 778 694 placet
792 629 840 679 eise
854 632 909 679 νὴ.

314 703 609 768 155Eriaiiudlumen,
626 704 703 751 multo
716 703 879 752 :incertius
895 703 982 762 istim·

411 777 469 825 Non
482 777 530 825 erit
543 777 569 823 in
584 776 710 831 tenebris.
729 792 778 842 quo
794 778 875 835 duce,
892 776 971 826 noster
985 792 1052 826 emor.

372 850 430 899 Hoc
440 866 489 916 ego
498 850 554 898 dun
564 848 682 913 speeiem,
694 849 803 899 Coichoe
812 882 820 906 .
833 850 859 900 dt
868 850 893 898 in
902 851 984 899 ultima
993 850 1063 907 Porri.

411 921 515 987 Quique
529 923 593 970 viam
610 922 669 971 fecit
684 922 794 971 Tneffah
809 923 898 989 pinus,
916 937 990 973 eam:

374 996 406 1046 Er
421 996 536 1061 juvenem
550 995 641 1060 possim
656 996 767 1060 superare
782 994 917 1044 Palemon:
932 997 1028 1053 nando,

315 1070 365 1121 160
410 1070 521 1133 Miraque
538 1084 610 1131 quem
624 1068 702 1117 subiri>
716 1068 819 1116 reddidit
836 1069 911 1117 herba
925 1069 1013 1117 Deum.

373 1144 444 1208 δεμ
457 1158 502 1206 per
515 1140 624 1189 assiduos
639 1141 754 1206 languent
768 1141 826 1188 mihi
841 1140 939 1190 brachia
952 1155 1045 1200 motus,

410 1214 508 1278 Vixque
521 1228 566 1277 per
580 1213 704 1261 immensas
718 1212 774 1262 iess'a
790 1215 919 1264 trahuntur
934 1231 1015 1279 aquas.

372 1286 418 1336 His
434 1302 482 1353 ego
498 1283 553 1335 crim
568 1284 636 1343 dixi;
656 1284 763 1336 Pretium
779 1303 829 1336 non
845 1287 895 1336 vile
911 1288 1017 1346 laboris,

409 1359 463 1412 Jam
478 1359 581 1409 domine
595 1360 667 1409 vobis
683 1362 747 1409 coila
759 1359 865 1410 tenenda
881 1360 964 1412 dabo:

314 1436 361 1499 165
375 1433 489 1485 Protinus
498 1434 539 1483 ina
548 1434 651 1490 valent,
670 1446 743 1497 etque
755 1434 785 1481 ad
801 1434 839 1482 sua
849 1435 950 1497 praemia
958 1432 1064 1488 tendunt1

408 1506 445 1556 Ut
458 1508 525 1556 celer
537 1505 600 1555 ΕΙέο
616 1522 715 1555 carcere
731 1504 808 1553 miffus
825 1521 913 1570 equus.

372 1579 426 1647 ipse
442 1596 510 1638 meos
525 1580 599 1645 igitur
616 1578 704 1637 servo,
725 1579 809 1645 quibus
825 1593 902 1639 uror,
920 1595 1031 1629 amores:

408 1653 515 1717 Teque,
532 1651 608 1718 magis
625 1654 690 1701 coelo
707 1652 777 1719 digna
791 1652 871 1717 puella
883 1661 899 1710 ‚·
911 1652 1006 1718 sequor.

371 1725 453 1790 Digna
466 1724 562 1789 quidem
577 1726 661 1781 coeio,
678 1724 719 1773 sed
732 1726 810 1774 adhuc
823 1724 912 1774 tellure
928 1738 1038 1775 morare:

312 1815 362 1864 170
407 1797 457 1846 Aut
473 1797 531 1854 die.
548 1798 579 1846 ad
595 1798 703 1862 Superos
720 1798 746 1847 δι
762 1796 819 1847 mihi
832 1799 879 1863 quir
894 1797 926 1849 sit
938 1798 997 1847 iter.

371 1869 419 1917 ilic
437 1885 484 1928 es,
502 1870 529 1918 ἀ
543 1869 656 1935 exiguum
670 1870 757 1920 misero
771 1873 891 1937 contingis
907 1871 1016 1920 ementi&

408 1940 518 2006 Cumque
534 1940 588 1989 mei
602 1940 662 1990 fiunt
678 1944 772 1991 turbida
788 1956 871 1993 mente
889 1944 961 1993 freta.

371 2011 437 2077 Quid
447 2013 519 2070 mihi,
530 2011 595 2079 quid
606 2015 656 2063 lato
665 2030 715 2063 non
725 2015 822 2079 separor
832 2033 930 2082 aequore
941 2049 950 2076 ,
962 2006 1064 2081 prodesti

407 2087 471 2135 Num
482 2087 559 2135 minus
569 2086 618 2136 hoc
628 2087 697 2136 nobis
707 2101 755 2137 tam
765 2089 845 2137 brevis
855 2089 932 2138 obstat
941 2104 1002 2155 aqua
1012 2086 1022 2136 i

312 2174 342 2227 17
347 2176 359 2224 5
371 2159 410 2209 An
425 2160 522 2218 malim,
539 2160 644 2218 dubito,
663 2172 718 2211 toto
732 2163 817 2226 procul
834 2163 893 2210 orbe
907 2174 1033 2218 remotus,

407 2233 469 2283 Cum
485 2233 579 2283 domine
594 2232 668 2301 longe
682 2234 745 2300 spem
760 2250 856 2300 quoque
871 2234 962 2284 hebere
978 2250 1041 2282 mea.

371 2305 429 2369 Quo
443 2306 542 2371 propius
557 2323 620 2354 nunc
635 2323 681 2362 es,
696 2307 789 2354 flammi
803 2306 918 2371 propiore
935 2306 1049 2357 calesco:

406 2377 437 2425 Et
453 2392 492 2425 res
508 2394 557 2426 non
572 2377 684 2442 semper,
702 2378 754 2441 spes
769 2377 825 2425 mihi
840 2376 934 2439 semper
948 2380 1023 2428 adest.

369 2446 440 2497 Paene
449 2463 521 2497 manu
532 2480 540 2505 ,
554 2448 619 2512 quod
629 2463 683 2496 amo
695 2480 703 2504 ,
716 2460 783 2496 tanta
792 2446 826 2495 est
835 2446 921 2495 vicinia
933 2480 941 2505 ,
953 2464 1030 2519 tango
1041 2461 1049 2501 ὲ

310 2522 360 2573 180
405 2519 476 2584 Saepe
487 2518 546 2574 sed,
562 2520 610 2567 heu
624 2518 630 2565 Ι
643 2520 761 2584 lacrymas
771 2519 819 2568 hoc
830 2518 887 2568 mihi
898 2518 971 2572 Paene
982 2535 1064 2575 movet

367 2593 441 2649 Velle
452 2590 508 2658 quid
524 2590 557 2639 est
567 2590 630 2640 aliud
646 2587 760 2656 fugientia
775 2592 896 2658 prendere
912 2610 1003 2660 poma,

405 2666 525 2733 Spemque
538 2663 583 2713 suo
598 2662 677 2731 refugi
690 2664 792 2716 fluminis
807 2682 851 2715 ore
867 2666 959 2732 sequi?

368 2739 433 2805 Ergo
443 2756 490 2807 ego
498 2752 524 2791 te
532 2753 676 2803 numquam,
687 2738 731 2789 nisi
740 2736 794 2788 cuim
802 2742 871 2790 volet
878 2741 957 2801 unda,
968 2741 1064 2793 tenebd

405 2812 435 2860 Et
451 2829 489 2862 me
504 2810 600 2862 felicem
614 2812 679 2860 nulla
695 2812 787 2864 videbit
801 2811 901 2863 hiems?

311 2881 358 2949 185
369 2881 478 2950 Cumque
489 2884 565 2933 minus
575 2883 668 2934 firmum
679 2884 711 2935 nil
721 2887 752 2936 sit
763 2875 773 2945 ‚¹
785 2890 855 2951 quim
864 2896 951 2936 ventus
963 2886 990 2937 δι
1000 2888 1061 2938 unda

404 2956 432 3003 ln
443 2958 523 3006 ventis
534 2957 560 3006 ὃ(
570 2956 632 3022 aqud
644 2956 695 3021 spes
707 2974 761 3007 mea
772 2957 864 3022 semper
874 2958 920 3005 erit
931 2957 945 3005 ‚⁹

367 3021 447 3075 AEiiue
455 3026 533 3076 adhuc
540 3040 622 3077 tamen
631 3028 665 3076 est
672 3044 679 3078 ι
687 3028 751 3093 quid,
758 3026 810 3076 cuim
820 3028 876 3075 mihi
885 3028 969 3078 laeserit
980 3050 1064 3101 aeqiiot

404 3095 467 3148 run
478 3097 504 3150 &
514 3098 697 3166 Mephyla,
716 3097 878 3168 Oleniumque
889 3102 987 3167 pecus}
1022 3141 1034 3156 ,
