<?xml version="1.0" encoding="UTF-8"?>
<!DOCTYPE html PUBLIC "-//W3C//DTD XHTML 1.0 Transitional//EN"
    "http://www.w3.org/TR/xhtml1/DTD/xhtml1-transitional.dtd">
<html xmlns="http://www.w3.org/1999/xhtml" xml:lang="en" lang="en">
 <head>
  <title>
</title>
<meta http-equiv="Content-Type" content="text/html;charset=utf-8" />
  <meta name='ocr-system' content='tesseract 3.04.00' />
  <meta name='ocr-capabilities' content='ocr_page ocr_carea ocr_par ocr_line ocrx_word'/>
</head>
<body>
  <div class='ocr_page' id='page_1' title='image "./povidiinasoniso00heingoog_0082.png"; bbox 0 0 2392 3892; ppageno 0'>
   <div class='ocr_carea' id='block_1_1' title="bbox 287 514 902 610">
    <p class='ocr_par' dir='ltr' id='par_1_1' title="bbox 287 514 902 610">
     <span class='ocr_line' id='line_1_1' title="bbox 287 514 902 610; baseline 0.007 -27"><span class='ocrx_word' id='word_1_1' title='bbox 287 514 572 585; x_wconf 69' lang='lat' dir='ltr'>Hieromus.</span> <span class='ocrx_word' id='word_1_2' title='bbox 598 517 678 583; x_wconf 75' lang='grc' dir='ltr'>ΕΡ.</span> <span class='ocrx_word' id='word_1_3' title='bbox 703 514 806 585; x_wconf 70' lang='lat' dir='ltr'>XIV.</span> <span class='ocrx_word' id='word_1_4' title='bbox 851 516 902 610; x_wconf 84' lang='lat'>63</span> 
     </span>
    </p>
   </div>
   <div class='ocr_carea' id='block_1_2' title="bbox 150 626 965 3186">
    <p class='ocr_par' dir='ltr' id='par_1_2' title="bbox 150 626 965 3186">
     <span class='ocr_line' id='line_1_2' title="bbox 192 626 859 700; baseline 0.007 -19"><span class='ocrx_word' id='word_1_5' title='bbox 192 626 260 695; x_wconf 82' lang='lat' dir='ltr'>Quin</span> <span class='ocrx_word' id='word_1_6' title='bbox 275 650 336 700; x_wconf 85' lang='lat' dir='ltr'>age,</span> <span class='ocrx_word' id='word_1_7' title='bbox 347 633 452 700; x_wconf 89' lang='lat' dir='ltr'>dumque</span> <span class='ocrx_word' id='word_1_8' title='bbox 460 631 540 699; x_wconf 86' lang='lat' dir='ltr'>jacet,</span> <span class='ocrx_word' id='word_1_9' title='bbox 552 634 630 683; x_wconf 82' lang='lat' dir='ltr'>fortes</span> <span class='ocrx_word' id='word_1_10' title='bbox 639 632 732 690; x_wconf 74' lang='lat' dir='ltr'>imitare</span> <span class='ocrx_word' id='word_1_11' title='bbox 742 631 836 684; x_wconf 80' lang='lat' dir='ltr'>sorores</span> <span class='ocrx_word' id='word_1_12' title='bbox 849 648 859 686; x_wconf 77' lang='lat' dir='ltr'>t</span> 
     </span>
     <span class='ocr_line' id='line_1_3' title="bbox 230 706 745 757; baseline -0.004 -2"><span class='ocrx_word' id='word_1_13' title='bbox 230 706 352 756; x_wconf 83' lang='lat' dir='ltr'>Credibile</span> <span class='ocrx_word' id='word_1_14' title='bbox 362 707 396 756; x_wconf 85' lang='lat' dir='ltr'>est</span> <span class='ocrx_word' id='word_1_15' title='bbox 406 708 479 757; x_wconf 70' lang='lat' dir='ltr'>cesos</span> <span class='ocrx_word' id='word_1_16' title='bbox 488 708 598 757; x_wconf 72' lang='lat' dir='ltr'>omnibus</span> <span class='ocrx_word' id='word_1_17' title='bbox 610 706 658 755; x_wconf 83' lang='lat' dir='ltr'>effe</span> <span class='ocrx_word' id='word_1_18' title='bbox 667 706 745 755; x_wconf 80' lang='lat' dir='ltr'>viros.</span> 
     </span>
     <span class='ocr_line' id='line_1_4' title="bbox 193 776 848 847; baseline -0.005 -18"><span class='ocrx_word' id='word_1_19' title='bbox 193 776 220 829; x_wconf 81' lang='lat' dir='ltr'>si</span> <span class='ocrx_word' id='word_1_20' title='bbox 231 796 314 830; x_wconf 82' lang='lat' dir='ltr'>manus</span> <span class='ocrx_word' id='word_1_21' title='bbox 325 781 377 830; x_wconf 78' lang='lat' dir='ltr'>haee</span> <span class='ocrx_word' id='word_1_22' title='bbox 388 782 492 846; x_wconf 80' lang='lat' dir='ltr'>aliquam</span> <span class='ocrx_word' id='word_1_23' title='bbox 499 779 735 847; x_wconf 81' lang='lat' dir='ltr'>polsetcommittere</span> <span class='ocrx_word' id='word_1_24' title='bbox 743 777 848 838; x_wconf 66' lang='lat' dir='ltr'>cedem,</span> 
     </span>
     <span class='ocr_line' id='line_1_5' title="bbox 228 850 949 919; baseline 0.004 -18"><span class='ocrx_word' id='word_1_25' title='bbox 228 852 313 902; x_wconf 92' lang='lat' dir='ltr'>Morte</span> <span class='ocrx_word' id='word_1_26' title='bbox 324 853 390 902; x_wconf 76' lang='lat' dir='ltr'>foret</span> <span class='ocrx_word' id='word_1_27' title='bbox 403 854 506 902; x_wconf 77' lang='lat' dir='ltr'>dominae</span> <span class='ocrx_word' id='word_1_28' title='bbox 518 851 699 919; x_wconf 79' lang='lat' dir='ltr'>sauguinolenta</span> <span class='ocrx_word' id='word_1_29' title='bbox 709 850 765 899; x_wconf 82' lang='lat' dir='ltr'>suae.</span> <span class='ocrx_word' id='word_1_30' title='bbox 914 851 949 904; x_wconf 84' lang='lat'>60</span> 
     </span>
     <span class='ocr_line' id='line_1_6' title="bbox 190 920 858 991; baseline -0.003 -16"><span class='ocrx_word' id='word_1_31' title='bbox 190 920 250 989; x_wconf 79' lang='lat' dir='ltr'>Qud</span> <span class='ocrx_word' id='word_1_32' title='bbox 259 942 372 975; x_wconf 88' lang='lat' dir='ltr'>meruere</span> <span class='ocrx_word' id='word_1_33' title='bbox 384 942 487 983; x_wconf 84' lang='lat' dir='ltr'>necem,</span> <span class='ocrx_word' id='word_1_34' title='bbox 497 927 617 989; x_wconf 74' lang='lat' dir='ltr'>patruelia</span> <span class='ocrx_word' id='word_1_35' title='bbox 626 940 702 991; x_wconf 77' lang='lat' dir='ltr'>regua</span> <span class='ocrx_word' id='word_1_36' title='bbox 713 922 821 973; x_wconf 84' lang='lat' dir='ltr'>tenendo</span> <span class='ocrx_word' id='word_1_37' title='bbox 832 956 842 984; x_wconf 87' lang='lat'>,</span> <span class='ocrx_word' id='word_1_38' title='bbox 855 936 858 944; x_wconf 93' lang='grc'><strong><em>·</em></strong></span> 
     </span>
     <span class='ocr_line' id='line_1_7' title="bbox 227 994 815 1064; baseline -0.007 -16"><span class='ocrx_word' id='word_1_39' title='bbox 227 996 293 1061; x_wconf 82' lang='lat' dir='ltr'>Quae</span> <span class='ocrx_word' id='word_1_40' title='bbox 304 1011 386 1047; x_wconf 84' lang='lat' dir='ltr'>tamen</span> <span class='ocrx_word' id='word_1_41' title='bbox 397 997 505 1047; x_wconf 69' lang='lat' dir='ltr'>extemis⁴</span> <span class='ocrx_word' id='word_1_42' title='bbox 515 997 591 1047; x_wconf 77' lang='lat' dir='ltr'>danda</span> <span class='ocrx_word' id='word_1_43' title='bbox 605 998 688 1047; x_wconf 85' lang='lat' dir='ltr'>forent</span> <span class='ocrx_word' id='word_1_44' title='bbox 696 996 791 1064; x_wconf 81' lang='lat' dir='ltr'>generis</span> <span class='ocrx_word' id='word_1_45' title='bbox 804 994 815 1044; x_wconf 72' lang='grc' dir='ltr'><strong><em>ἓ</em></strong></span> 
     </span>
     <span class='ocr_line' id='line_1_8' title="bbox 188 1068 917 1137; baseline -0.007 -14"><span class='ocrx_word' id='word_1_46' title='bbox 188 1070 269 1136; x_wconf 81' lang='lat' dir='ltr'>Finge</span> <span class='ocrx_word' id='word_1_47' title='bbox 280 1071 348 1119; x_wconf 83' lang='lat' dir='ltr'>viros</span> <span class='ocrx_word' id='word_1_48' title='bbox 359 1069 466 1120; x_wconf 78' lang='lat' dir='ltr'>meruisse</span> <span class='ocrx_word' id='word_1_49' title='bbox 474 1071 536 1119; x_wconf 86' lang='lat' dir='ltr'>mori</span> <span class='ocrx_word' id='word_1_50' title='bbox 548 1087 556 1121; x_wconf 78' lang='lat' dir='ltr'>t</span> <span class='ocrx_word' id='word_1_51' title='bbox 567 1070 623 1137; x_wconf 87' lang='lat' dir='ltr'>quid</span> <span class='ocrx_word' id='word_1_52' title='bbox 633 1071 735 1120; x_wconf 78' lang='lat' dir='ltr'>fecimus</span> <span class='ocrx_word' id='word_1_53' title='bbox 745 1068 801 1134; x_wconf 73' lang='lat' dir='ltr'>ipse</span> <span class='ocrx_word' id='word_1_54' title='bbox 812 1068 825 1119; x_wconf 70' lang='lat' dir='ltr'>i</span> <span class='ocrx_word' id='word_1_55' title='bbox 914 1071 917 1076; x_wconf 81' lang='grc'><strong>“</strong></span> 
     </span>
     <span class='ocr_line' id='line_1_9' title="bbox 229 1140 779 1210; baseline -0.002 -19"><span class='ocrx_word' id='word_1_56' title='bbox 229 1143 290 1205; x_wconf 88' lang='lat' dir='ltr'>Quo</span> <span class='ocrx_word' id='word_1_57' title='bbox 302 1143 358 1191; x_wconf 91' lang='lat' dir='ltr'>mihi</span> <span class='ocrx_word' id='word_1_58' title='bbox 370 1144 488 1193; x_wconf 85' lang='lat' dir='ltr'>commilso</span> <span class='ocrx_word' id='word_1_59' title='bbox 496 1161 546 1195; x_wconf 85' lang='lat' dir='ltr'>non</span> <span class='ocrx_word' id='word_1_60' title='bbox 556 1143 669 1195; x_wconf 81' lang='lat' dir='ltr'>liceteffe</span> <span class='ocrx_word' id='word_1_61' title='bbox 679 1140 745 1210; x_wconf 74' lang='lat' dir='ltr'>piae?</span> <span class='ocrx_word' id='word_1_62' title='bbox 772 1169 779 1188; x_wconf 62' lang='lat' dir='ltr'><em>s</em></span> 
     </span>
     <span class='ocr_line' id='line_1_10' title="bbox 187 1213 947 1284; baseline 0.004 -18"><span class='ocrx_word' id='word_1_63' title='bbox 187 1215 258 1281; x_wconf 88' lang='lat' dir='ltr'><strong>Quid</strong></span> <span class='ocrx_word' id='word_1_64' title='bbox 269 1216 328 1265; x_wconf 88' lang='lat' dir='ltr'>mihi</span> <span class='ocrx_word' id='word_1_65' title='bbox 340 1233 394 1267; x_wconf 88' lang='lat' dir='ltr'>cum</span> <span class='ocrx_word' id='word_1_66' title='bbox 404 1217 487 1268; x_wconf 84' lang='lat' dir='ltr'>ferrol</span> <span class='ocrx_word' id='word_1_67' title='bbox 501 1216 549 1284; x_wconf 90' lang='lat' dir='ltr'>qud</span> <span class='ocrx_word' id='word_1_68' title='bbox 558 1219 646 1268; x_wconf 80' lang='lat' dir='ltr'>bellica</span> <span class='ocrx_word' id='word_1_69' title='bbox 656 1220 707 1270; x_wconf 79' lang='lat' dir='ltr'>tela</span> <span class='ocrx_word' id='word_1_70' title='bbox 717 1213 826 1283; x_wconf 69' lang='lat' dir='ltr'>puelle?</span> <span class='ocrx_word' id='word_1_71' title='bbox 913 1216 929 1269; x_wconf 85' lang='grc'>6</span> <span class='ocrx_word' id='word_1_72' title='bbox 933 1232 947 1281; x_wconf 91' lang='lat'>5</span> 
     </span>
     <span class='ocr_line' id='line_1_11' title="bbox 227 1288 721 1359; baseline 0.006 -20"><span class='ocrx_word' id='word_1_73' title='bbox 227 1288 318 1355; x_wconf 79' lang='lat' dir='ltr'>Aptior</span> <span class='ocrx_word' id='word_1_74' title='bbox 328 1289 361 1339; x_wconf 87' lang='lat' dir='ltr'>est</span> <span class='ocrx_word' id='word_1_75' title='bbox 373 1291 451 1357; x_wconf 81' lang='lat' dir='ltr'><strong>digitis</strong></span> <span class='ocrx_word' id='word_1_76' title='bbox 462 1293 515 1339; x_wconf 83' lang='lat' dir='ltr'>lana</span> <span class='ocrx_word' id='word_1_77' title='bbox 525 1293 643 1357; x_wconf 82' lang='lat' dir='ltr'>colusque</span> <span class='ocrx_word' id='word_1_78' title='bbox 653 1292 721 1359; x_wconf 80' lang='lat' dir='ltr'>meis.</span> 
     </span>
     <span class='ocr_line' id='line_1_12' title="bbox 191 1359 965 1431; baseline 0.004 -19"><span class='ocrx_word' id='word_1_79' title='bbox 191 1359 252 1412; x_wconf 76' lang='lat' dir='ltr'>Haec</span> <span class='ocrx_word' id='word_1_80' title='bbox 265 1379 313 1431; x_wconf 90' lang='lat' dir='ltr'>ego</span> <span class='ocrx_word' id='word_1_81' title='bbox 325 1379 333 1412; x_wconf 78' lang='lat' dir='ltr'>z</span> <span class='ocrx_word' id='word_1_82' title='bbox 344 1360 448 1429; x_wconf 84' lang='lat' dir='ltr'>dumque</span> <span class='ocrx_word' id='word_1_83' title='bbox 459 1379 561 1429; x_wconf 85' lang='lat' dir='ltr'>queror,</span> <span class='ocrx_word' id='word_1_84' title='bbox 570 1364 684 1429; x_wconf 65' lang='lat' dir='ltr'>lacryma</span> <span class='ocrx_word' id='word_1_85' title='bbox 692 1364 730 1413; x_wconf 76' lang='lat' dir='ltr'>sua</span> <span class='ocrx_word' id='word_1_86' title='bbox 738 1364 965 1431; x_wconf 78' lang='lat' dir='ltr'>verbalequuntur,</span> 
     </span>
     <span class='ocr_line' id='line_1_13' title="bbox 225 1436 789 1503; baseline 0.007 -18"><span class='ocrx_word' id='word_1_87' title='bbox 225 1436 319 1503; x_wconf 85' lang='lat' dir='ltr'>Deque</span> <span class='ocrx_word' id='word_1_88' title='bbox 330 1437 390 1485; x_wconf 81' lang='lat' dir='ltr'>meis</span> <span class='ocrx_word' id='word_1_89' title='bbox 400 1437 477 1486; x_wconf 81' lang='lat' dir='ltr'>oculis</span> <span class='ocrx_word' id='word_1_90' title='bbox 487 1436 512 1485; x_wconf 89' lang='lat' dir='ltr'>in</span> <span class='ocrx_word' id='word_1_91' title='bbox 522 1447 564 1486; x_wconf 87' lang='lat' dir='ltr'>tua</span> <span class='ocrx_word' id='word_1_92' title='bbox 574 1436 681 1485; x_wconf 87' lang='lat' dir='ltr'>membra</span> <span class='ocrx_word' id='word_1_93' title='bbox 691 1437 789 1488; x_wconf 82' lang='lat' dir='ltr'>cadunt.</span> 
     </span>
     <span class='ocr_line' id='line_1_14' title="bbox 191 1505 823 1579; baseline 0.009 -22"><span class='ocrx_word' id='word_1_94' title='bbox 191 1505 256 1558; x_wconf 85' lang='lat' dir='ltr'>Dum</span> <span class='ocrx_word' id='word_1_95' title='bbox 267 1509 332 1575; x_wconf 90' lang='lat' dir='ltr'>petis</span> <span class='ocrx_word' id='word_1_96' title='bbox 342 1510 480 1574; x_wconf 76' lang='lat' dir='ltr'>amplexui,</span> <span class='ocrx_word' id='word_1_97' title='bbox 491 1509 617 1577; x_wconf 78' lang='lat' dir='ltr'>sopitaque</span> <span class='ocrx_word' id='word_1_98' title='bbox 625 1509 721 1559; x_wconf 75' lang='lat' dir='ltr'>brachia</span> <span class='ocrx_word' id='word_1_99' title='bbox 729 1511 802 1579; x_wconf 70' lang='lat' dir='ltr'>jadias</span> <span class='ocrx_word' id='word_1_100' title='bbox 811 1546 823 1568; x_wconf 84' lang='lat'>,</span> 
     </span>
     <span class='ocr_line' id='line_1_15' title="bbox 225 1581 947 1646; baseline 0.003 -15"><span class='ocrx_word' id='word_1_101' title='bbox 225 1581 300 1632; x_wconf 87' lang='lat' dir='ltr'>Paene</span> <span class='ocrx_word' id='word_1_102' title='bbox 311 1599 395 1632; x_wconf 81' lang='lat' dir='ltr'>manus</span> <span class='ocrx_word' id='word_1_103' title='bbox 404 1583 456 1633; x_wconf 87' lang='lat' dir='ltr'>telo</span> <span class='ocrx_word' id='word_1_104' title='bbox 465 1583 542 1632; x_wconf 78' lang='lat' dir='ltr'>saucia</span> <span class='ocrx_word' id='word_1_105' title='bbox 552 1583 614 1632; x_wconf 66' lang='lat' dir='ltr'>iada</span> <span class='ocrx_word' id='word_1_106' title='bbox 622 1595 665 1633; x_wconf 82' lang='lat' dir='ltr'>tue</span> <span class='ocrx_word' id='word_1_107' title='bbox 673 1583 717 1633; x_wconf 82' lang='lat' dir='ltr'>est.</span> <span class='ocrx_word' id='word_1_108' title='bbox 912 1600 947 1646; x_wconf 90' lang='lat'>70</span> 
     </span>
     <span class='ocr_line' id='line_1_16' title="bbox 189 1651 965 1725; baseline 0.003 -20"><span class='ocrx_word' id='word_1_109' title='bbox 189 1651 291 1720; x_wconf 80' lang='lat' dir='ltr'>Jamque</span> <span class='ocrx_word' id='word_1_110' title='bbox 300 1669 411 1721; x_wconf 81' lang='lat' dir='ltr'>patrem,</span> <span class='ocrx_word' id='word_1_111' title='bbox 422 1655 574 1723; x_wconf 78' lang='lat' dir='ltr'>famulosque</span> <span class='ocrx_word' id='word_1_112' title='bbox 589 1657 681 1721; x_wconf 81' lang='lat' dir='ltr'>patris,</span> <span class='ocrx_word' id='word_1_113' title='bbox 694 1657 823 1725; x_wconf 89' lang='lat' dir='ltr'>lucemque</span> <span class='ocrx_word' id='word_1_114' title='bbox 835 1656 965 1717; x_wconf 75' lang='lat' dir='ltr'>timebam5</span> 
     </span>
     <span class='ocr_line' id='line_1_17' title="bbox 225 1727 768 1793; baseline 0.009 -16"><span class='ocrx_word' id='word_1_115' title='bbox 225 1727 374 1793; x_wconf 71' lang='lat' dir='ltr'>Expulerunt</span> <span class='ocrx_word' id='word_1_116' title='bbox 384 1729 482 1780; x_wconf 81' lang='lat' dir='ltr'>somnos</span> <span class='ocrx_word' id='word_1_117' title='bbox 494 1730 546 1781; x_wconf 77' lang='lat' dir='ltr'>haec</span> <span class='ocrx_word' id='word_1_118' title='bbox 561 1746 615 1778; x_wconf 83' lang='lat' dir='ltr'>mea</span> <span class='ocrx_word' id='word_1_119' title='bbox 626 1729 685 1779; x_wconf 74' lang='lat' dir='ltr'>dista</span> <span class='ocrx_word' id='word_1_120' title='bbox 696 1743 768 1783; x_wconf 84' lang='lat' dir='ltr'>tuos:</span> 
     </span>
     <span class='ocr_line' id='line_1_18' title="bbox 190 1798 862 1869; baseline 0.012 -20"><span class='ocrx_word' id='word_1_121' title='bbox 190 1798 267 1867; x_wconf 87' lang='lat' dir='ltr'>Surge</span> <span class='ocrx_word' id='word_1_122' title='bbox 280 1834 288 1859; x_wconf 91' lang='lat'>,</span> <span class='ocrx_word' id='word_1_123' title='bbox 298 1818 359 1869; x_wconf 85' lang='lat' dir='ltr'>age,</span> <span class='ocrx_word' id='word_1_124' title='bbox 370 1803 471 1861; x_wconf 84' lang='lat' dir='ltr'>Belide,</span> <span class='ocrx_word' id='word_1_125' title='bbox 486 1803 516 1853; x_wconf 92' lang='lat' dir='ltr'>de</span> <span class='ocrx_word' id='word_1_126' title='bbox 525 1815 565 1854; x_wconf 88' lang='lat' dir='ltr'>tut</span> <span class='ocrx_word' id='word_1_127' title='bbox 575 1802 649 1853; x_wconf 83' lang='lat' dir='ltr'>modd</span> <span class='ocrx_word' id='word_1_128' title='bbox 658 1803 770 1856; x_wconf 81' lang='lat' dir='ltr'>iratribus</span> <span class='ocrx_word' id='word_1_129' title='bbox 778 1821 840 1857; x_wconf 71' lang='lat' dir='ltr'>unus</span> <span class='ocrx_word' id='word_1_130' title='bbox 853 1821 862 1856; x_wconf 78' lang='lat' dir='ltr'>t</span> 
     </span>
     <span class='ocr_line' id='line_1_19' title="bbox 225 1874 848 1943; baseline 0.014 -21"><span class='ocrx_word' id='word_1_131' title='bbox 225 1874 284 1924; x_wconf 83' lang='lat' dir='ltr'>Nox</span> <span class='ocrx_word' id='word_1_132' title='bbox 294 1875 336 1924; x_wconf 89' lang='lat' dir='ltr'>tibi</span> <span class='ocrx_word' id='word_1_133' title='bbox 348 1908 354 1933; x_wconf 91' lang='lat'>,</span> <span class='ocrx_word' id='word_1_134' title='bbox 367 1877 391 1925; x_wconf 89' lang='lat' dir='ltr'>ni</span> <span class='ocrx_word' id='word_1_135' title='bbox 403 1892 519 1943; x_wconf 84' lang='lat' dir='ltr'>properas</span> <span class='ocrx_word' id='word_1_136' title='bbox 530 1876 588 1934; x_wconf 79' lang='lat' dir='ltr'>‚itta</span> <span class='ocrx_word' id='word_1_137' title='bbox 600 1880 713 1943; x_wconf 84' lang='lat' dir='ltr'>perennis</span> <span class='ocrx_word' id='word_1_138' title='bbox 726 1878 782 1929; x_wconf 87' lang='lat' dir='ltr'>erit.</span> <span class='ocrx_word' id='word_1_139' title='bbox 846 1935 848 1940; x_wconf 64' lang='grc'><strong>,</strong></span> 
     </span>
     <span class='ocr_line' id='line_1_20' title="bbox 190 1942 942 2019; baseline 0.015 -25"><span class='ocrx_word' id='word_1_140' title='bbox 190 1942 299 1996; x_wconf 74' lang='lat' dir='ltr'>Territus</span> <span class='ocrx_word' id='word_1_141' title='bbox 314 1948 418 2016; x_wconf 80' lang='lat' dir='ltr'>exsurgis</span> <span class='ocrx_word' id='word_1_142' title='bbox 430 1966 437 1999; x_wconf 77' lang='lat' dir='ltr'>t</span> <span class='ocrx_word' id='word_1_143' title='bbox 449 1951 511 2018; x_wconf 83' lang='lat' dir='ltr'>fugit</span> <span class='ocrx_word' id='word_1_144' title='bbox 524 1951 603 2000; x_wconf 77' lang='lat' dir='ltr'>omnis</span> <span class='ocrx_word' id='word_1_145' title='bbox 614 1952 699 2001; x_wconf 87' lang='lat' dir='ltr'>inertia</span> <span class='ocrx_word' id='word_1_146' title='bbox 707 1952 792 2004; x_wconf 72' lang='lat' dir='ltr'>sormi.</span> <span class='ocrx_word' id='word_1_147' title='bbox 908 1966 942 2019; x_wconf 82' lang='lat'>75</span> 
     </span>
     <span class='ocr_line' id='line_1_21' title="bbox 225 2019 679 2085; baseline 0.011 -16"><span class='ocrx_word' id='word_1_148' title='bbox 225 2019 319 2085; x_wconf 83' lang='lat' dir='ltr'><strong>Aspicis</strong></span> <span class='ocrx_word' id='word_1_149' title='bbox 331 2021 447 2072; x_wconf 78' lang='lat' dir='ltr'>intimidi</span> <span class='ocrx_word' id='word_1_150' title='bbox 457 2024 531 2074; x_wconf 82' lang='lat' dir='ltr'>fortia</span> <span class='ocrx_word' id='word_1_151' title='bbox 540 2025 588 2074; x_wconf 84' lang='lat' dir='ltr'>tele</span> <span class='ocrx_word' id='word_1_152' title='bbox 598 2041 679 2074; x_wconf 76' lang='lat' dir='ltr'>manu.</span> 
     </span>
     <span class='ocr_line' id='line_1_22' title="bbox 150 2088 838 2165; baseline 0.013 -25"><span class='ocrx_word' id='word_1_153' title='bbox 150 2105 154 2112; x_wconf 85' lang='grc'><em>“</em></span> <span class='ocrx_word' id='word_1_154' title='bbox 193 2088 318 2154; x_wconf 84' lang='lat' dir='ltr'>Quaerenti</span> <span class='ocrx_word' id='word_1_155' title='bbox 330 2094 436 2153; x_wconf 83' lang='lat' dir='ltr'>causam,</span> <span class='ocrx_word' id='word_1_156' title='bbox 450 2097 517 2146; x_wconf 90' lang='lat' dir='ltr'>Dum</span> <span class='ocrx_word' id='word_1_157' title='bbox 527 2112 577 2146; x_wconf 79' lang='lat' dir='ltr'>uox</span> <span class='ocrx_word' id='word_1_158' title='bbox 587 2098 659 2154; x_wconf 87' lang='lat' dir='ltr'>sinit,</span> <span class='ocrx_word' id='word_1_159' title='bbox 670 2098 766 2165; x_wconf 84' lang='lat' dir='ltr'>effuge,</span> <span class='ocrx_word' id='word_1_160' title='bbox 777 2099 838 2149; x_wconf 79' lang='lat' dir='ltr'>dixi.</span> 
     </span>
     <span class='ocr_line' id='line_1_23' title="bbox 224 2165 788 2235; baseline 0.009 -21"><span class='ocrx_word' id='word_1_161' title='bbox 224 2165 291 2215; x_wconf 92' lang='lat' dir='ltr'>Dum</span> <span class='ocrx_word' id='word_1_162' title='bbox 303 2183 352 2216; x_wconf 86' lang='lat' dir='ltr'>nox</span> <span class='ocrx_word' id='word_1_163' title='bbox 364 2179 415 2216; x_wconf 83' lang='lat' dir='ltr'>atra</span> <span class='ocrx_word' id='word_1_164' title='bbox 425 2168 496 2224; x_wconf 81' lang='lat' dir='ltr'>sinit,</span> <span class='ocrx_word' id='word_1_165' title='bbox 506 2181 535 2218; x_wconf 91' lang='lat' dir='ltr'>tu</span> <span class='ocrx_word' id='word_1_166' title='bbox 544 2170 607 2235; x_wconf 85' lang='lat' dir='ltr'>iugis</span> <span class='ocrx_word' id='word_1_167' title='bbox 617 2202 625 2227; x_wconf 89' lang='lat'>,</span> <span class='ocrx_word' id='word_1_168' title='bbox 637 2169 686 2233; x_wconf 78' lang='lat' dir='ltr'>ipse</span> <span class='ocrx_word' id='word_1_169' title='bbox 697 2186 788 2220; x_wconf 86' lang='lat' dir='ltr'>moror.</span> 
     </span>
     <span class='ocr_line' id='line_1_24' title="bbox 190 2234 846 2307; baseline 0.009 -21"><span class='ocrx_word' id='word_1_170' title='bbox 190 2234 262 2296; x_wconf 71' lang='lat' dir='ltr'>Mune</span> <span class='ocrx_word' id='word_1_171' title='bbox 274 2251 343 2297; x_wconf 88' lang='lat' dir='ltr'>erat,</span> <span class='ocrx_word' id='word_1_172' title='bbox 355 2239 381 2290; x_wconf 76' lang='grc' dir='ltr'>δι</span> <span class='ocrx_word' id='word_1_173' title='bbox 392 2238 491 2288; x_wconf 78' lang='lat' dir='ltr'>Dantirs</span> <span class='ocrx_word' id='word_1_174' title='bbox 502 2255 607 2307; x_wconf 81' lang='lat' dir='ltr'>generos</span> <span class='ocrx_word' id='word_1_175' title='bbox 617 2255 649 2288; x_wconf 86' lang='lat' dir='ltr'>ex</span> <span class='ocrx_word' id='word_1_176' title='bbox 660 2240 726 2288; x_wconf 81' lang='lat' dir='ltr'>eaede</span> <span class='ocrx_word' id='word_1_177' title='bbox 734 2240 846 2305; x_wconf 75' lang='lat' dir='ltr'>jacentes</span> 
     </span>
     <span class='ocr_line' id='line_1_25' title="bbox 223 2310 944 2363; baseline 0.003 -2"><span class='ocrx_word' id='word_1_178' title='bbox 223 2312 379 2362; x_wconf 78' lang='lat' dir='ltr'>Dinumeret.</span> <span class='ocrx_word' id='word_1_179' title='bbox 391 2310 494 2361; x_wconf 69' lang='lat' dir='ltr'>Summae</span> <span class='ocrx_word' id='word_1_180' title='bbox 506 2311 610 2361; x_wconf 77' lang='lat' dir='ltr'>criminis</span> <span class='ocrx_word' id='word_1_181' title='bbox 623 2327 685 2361; x_wconf 83' lang='lat' dir='ltr'>unus</span> <span class='ocrx_word' id='word_1_182' title='bbox 694 2312 762 2362; x_wconf 77' lang='lat' dir='ltr'>abes.</span> <span class='ocrx_word' id='word_1_183' title='bbox 910 2311 944 2363; x_wconf 88' lang='lat'>80</span> 
     </span>
     <span class='ocr_line' id='line_1_26' title="bbox 192 2382 772 2453; baseline 0.003 -20"><span class='ocrx_word' id='word_1_184' title='bbox 192 2382 247 2434; x_wconf 86' lang='lat' dir='ltr'>Fert</span> <span class='ocrx_word' id='word_1_185' title='bbox 257 2386 320 2435; x_wconf 82' lang='lat' dir='ltr'>mele</span> <span class='ocrx_word' id='word_1_186' title='bbox 331 2396 441 2453; x_wconf 82' lang='lat' dir='ltr'>cognatae</span> <span class='ocrx_word' id='word_1_187' title='bbox 451 2383 565 2450; x_wconf 68' lang='lat' dir='ltr'>jaduram</span> <span class='ocrx_word' id='word_1_188' title='bbox 576 2383 661 2433; x_wconf 78' lang='lat' dir='ltr'>mortis</span> <span class='ocrx_word' id='word_1_189' title='bbox 669 2384 693 2433; x_wconf 85' lang='lat' dir='ltr'>in</span> <span class='ocrx_word' id='word_1_190' title='bbox 704 2399 772 2446; x_wconf 82' lang='lat' dir='ltr'>un03</span> 
     </span>
     <span class='ocr_line' id='line_1_27' title="bbox 223 2457 736 2527; baseline 0.006 -21"><span class='ocrx_word' id='word_1_191' title='bbox 223 2457 253 2507; x_wconf 87' lang='lat' dir='ltr'>Et</span> <span class='ocrx_word' id='word_1_192' title='bbox 264 2459 373 2524; x_wconf 86' lang='lat' dir='ltr'>queritur</span> <span class='ocrx_word' id='word_1_193' title='bbox 385 2457 441 2509; x_wconf 64' lang='lat' dir='ltr'>stili</span> <span class='ocrx_word' id='word_1_194' title='bbox 453 2458 572 2527; x_wconf 79' lang='lat' dir='ltr'>sanguinis</span> <span class='ocrx_word' id='word_1_195' title='bbox 585 2457 633 2508; x_wconf 81' lang='lat' dir='ltr'>effe</span> <span class='ocrx_word' id='word_1_196' title='bbox 643 2470 736 2525; x_wconf 73' lang='lat' dir='ltr'>parum.</span> 
     </span>
     <span class='ocr_line' id='line_1_28' title="bbox 189 2527 825 2602; baseline 0.008 -23"><span class='ocrx_word' id='word_1_197' title='bbox 189 2527 342 2581; x_wconf 75' lang='lat' dir='ltr'>Abstrahora</span> <span class='ocrx_word' id='word_1_198' title='bbox 351 2533 436 2600; x_wconf 82' lang='lat' dir='ltr'>patriis</span> <span class='ocrx_word' id='word_1_199' title='bbox 446 2533 566 2599; x_wconf 78' lang='lat' dir='ltr'>pedibus;</span> <span class='ocrx_word' id='word_1_200' title='bbox 577 2545 718 2602; x_wconf 74' lang='lat' dir='ltr'>raptamque</span> <span class='ocrx_word' id='word_1_201' title='bbox 731 2533 825 2601; x_wconf 78' lang='lat' dir='ltr'><strong>capillis</strong></span> 
     </span>
     <span class='ocr_line' id='line_1_29' title="bbox 224 2602 804 2674; baseline 0.012 -21"><span class='ocrx_word' id='word_1_202' title='bbox 224 2602 235 2668; x_wconf 92' lang='lat'>(</span> <span class='ocrx_word' id='word_1_203' title='bbox 244 2604 306 2655; x_wconf 79' lang='lat' dir='ltr'>Haec</span> <span class='ocrx_word' id='word_1_204' title='bbox 317 2606 404 2656; x_wconf 86' lang='lat' dir='ltr'>meruit</span> <span class='ocrx_word' id='word_1_205' title='bbox 413 2607 491 2672; x_wconf 74' lang='lat' dir='ltr'>pietat</span> <span class='ocrx_word' id='word_1_206' title='bbox 499 2606 617 2674; x_wconf 68' lang='lat' dir='ltr'>mmm)</span> <span class='ocrx_word' id='word_1_207' title='bbox 630 2621 715 2657; x_wconf 81' lang='lat' dir='ltr'>career</span> <span class='ocrx_word' id='word_1_208' title='bbox 721 2608 804 2660; x_wconf 64' lang='lat' dir='ltr'>lioba.</span> 
     </span>
     <span class='ocr_line' id='line_1_30' title="bbox 190 2674 940 2746; baseline 0.005 -20"><span class='ocrx_word' id='word_1_209' title='bbox 190 2674 285 2738; x_wconf 73' lang='lat' dir='ltr'>Scilicet</span> <span class='ocrx_word' id='word_1_210' title='bbox 295 2694 328 2728; x_wconf 84' lang='lat' dir='ltr'>ex</span> <span class='ocrx_word' id='word_1_211' title='bbox 338 2680 381 2728; x_wconf 88' lang='lat' dir='ltr'>illo</span> <span class='ocrx_word' id='word_1_212' title='bbox 391 2678 630 2746; x_wconf 72' lang='lat' dir='ltr'>Junouiepermeuet</span> <span class='ocrx_word' id='word_1_213' title='bbox 640 2680 693 2739; x_wconf 83' lang='lat' dir='ltr'>ira,</span> <span class='ocrx_word' id='word_1_214' title='bbox 783 2678 785 2684; x_wconf 78' lang='grc'>’</span> <span class='ocrx_word' id='word_1_215' title='bbox 906 2677 922 2729; x_wconf 79' lang='lat'>8</span> <span class='ocrx_word' id='word_1_216' title='bbox 926 2693 940 2742; x_wconf 86' lang='lat'><em>5</em></span> 
     </span>
     <span class='ocr_line' id='line_1_31' title="bbox 222 2750 816 2815; baseline 0.003 -14"><span class='ocrx_word' id='word_1_217' title='bbox 222 2750 280 2815; x_wconf 86' lang='lat' dir='ltr'>Quo</span> <span class='ocrx_word' id='word_1_218' title='bbox 292 2752 338 2799; x_wconf 86' lang='lat' dir='ltr'>bos</span> <span class='ocrx_word' id='word_1_219' title='bbox 350 2767 381 2799; x_wconf 86' lang='lat' dir='ltr'>ex</span> <span class='ocrx_word' id='word_1_220' title='bbox 392 2751 490 2801; x_wconf 83' lang='lat' dir='ltr'>homine</span> <span class='ocrx_word' id='word_1_221' title='bbox 500 2752 550 2811; x_wconf 76' lang='lat' dir='ltr'>est,</span> <span class='ocrx_word' id='word_1_222' title='bbox 561 2769 593 2802; x_wconf 83' lang='lat' dir='ltr'>ex</span> <span class='ocrx_word' id='word_1_223' title='bbox 601 2753 666 2802; x_wconf 79' lang='lat' dir='ltr'>bove</span> <span class='ocrx_word' id='word_1_224' title='bbox 676 2752 739 2802; x_wconf 71' lang='lat' dir='ltr'>ladit</span> <span class='ocrx_word' id='word_1_225' title='bbox 748 2753 816 2803; x_wconf 74' lang='lat' dir='ltr'>Det·</span> 
     </span>
     <span class='ocr_line' id='line_1_32' title="bbox 189 2819 783 2892; baseline 0.003 -21"><span class='ocrx_word' id='word_1_226' title='bbox 189 2819 220 2872; x_wconf 75' lang='lat' dir='ltr'>lit</span> <span class='ocrx_word' id='word_1_227' title='bbox 230 2825 287 2874; x_wconf 86' lang='lat' dir='ltr'>satis</span> <span class='ocrx_word' id='word_1_228' title='bbox 297 2822 332 2871; x_wconf 87' lang='lat' dir='ltr'>est</span> <span class='ocrx_word' id='word_1_229' title='bbox 342 2837 421 2888; x_wconf 81' lang='lat' dir='ltr'>poeuae</span> <span class='ocrx_word' id='word_1_230' title='bbox 431 2835 538 2873; x_wconf 84' lang='lat' dir='ltr'>teneram</span> <span class='ocrx_word' id='word_1_231' title='bbox 549 2824 646 2892; x_wconf 77' lang='lat' dir='ltr'>mugilie</span> <span class='ocrx_word' id='word_1_232' title='bbox 655 2826 761 2890; x_wconf 80' lang='lat' dir='ltr'>puellam</span> <span class='ocrx_word' id='word_1_233' title='bbox 770 2841 783 2883; x_wconf 75' lang='lat'>3</span> 
     </span>
     <span class='ocr_line' id='line_1_33' title="bbox 221 2894 760 2964; baseline 0.007 -18"><span class='ocrx_word' id='word_1_234' title='bbox 221 2898 275 2947; x_wconf 89' lang='lat' dir='ltr'>Nec</span> <span class='ocrx_word' id='word_1_235' title='bbox 287 2894 362 2947; x_wconf 77' lang='lat' dir='ltr'>modi&gt;</span> <span class='ocrx_word' id='word_1_236' title='bbox 373 2895 500 2945; x_wconf 81' lang='lat' dir='ltr'>formosam</span> <span class='ocrx_word' id='word_1_237' title='bbox 510 2896 576 2963; x_wconf 84' lang='lat' dir='ltr'>polle</span> <span class='ocrx_word' id='word_1_238' title='bbox 585 2899 682 2964; x_wconf 76' lang='lat' dir='ltr'>plaeere</span> <span class='ocrx_word' id='word_1_239' title='bbox 691 2896 760 2950; x_wconf 80' lang='lat' dir='ltr'>lovi.</span> 
     </span>
     <span class='ocr_line' id='line_1_34' title="bbox 187 2965 746 3037; baseline 0.007 -21"><span class='ocrx_word' id='word_1_240' title='bbox 187 2965 264 3020; x_wconf 75' lang='lat' dir='ltr'>Aluit</span> <span class='ocrx_word' id='word_1_241' title='bbox 274 2970 299 3021; x_wconf 90' lang='lat' dir='ltr'>ln</span> <span class='ocrx_word' id='word_1_242' title='bbox 309 2971 361 3037; x_wconf 84' lang='lat' dir='ltr'>ripa</span> <span class='ocrx_word' id='word_1_243' title='bbox 371 2969 456 3037; x_wconf 85' lang='lat' dir='ltr'>liquidi</span> <span class='ocrx_word' id='word_1_244' title='bbox 466 2986 528 3021; x_wconf 79' lang='lat' dir='ltr'>nova</span> <span class='ocrx_word' id='word_1_245' title='bbox 537 2987 612 3021; x_wconf 75' lang='lat' dir='ltr'>vacce</span> <span class='ocrx_word' id='word_1_246' title='bbox 622 2970 746 3035; x_wconf 77' lang='lat' dir='ltr'>parentis,</span> 
     </span>
     <span class='ocr_line' id='line_1_35' title="bbox 221 3042 940 3115; baseline 0.01 -23"><span class='ocrx_word' id='word_1_247' title='bbox 221 3042 367 3111; x_wconf 86' lang='lat' dir='ltr'>Cornuaque</span> <span class='ocrx_word' id='word_1_248' title='bbox 377 3044 401 3094; x_wconf 86' lang='lat' dir='ltr'>iu</span> <span class='ocrx_word' id='word_1_249' title='bbox 412 3044 495 3111; x_wconf 79' lang='lat' dir='ltr'>patriis</span> <span class='ocrx_word' id='word_1_250' title='bbox 506 3062 557 3095; x_wconf 85' lang='lat' dir='ltr'>non</span> <span class='ocrx_word' id='word_1_251' title='bbox 568 3044 608 3095; x_wconf 82' lang='lat' dir='ltr'>sua</span> <span class='ocrx_word' id='word_1_252' title='bbox 620 3043 681 3093; x_wconf 83' lang='lat' dir='ltr'>vidit</span> <span class='ocrx_word' id='word_1_253' title='bbox 690 3046 769 3113; x_wconf 81' lang='lat' dir='ltr'>aquis.</span> <span class='ocrx_word' id='word_1_254' title='bbox 901 3060 940 3115; x_wconf 82' lang='grc' dir='ltr'>9ο</span> 
     </span>
     <span class='ocr_line' id='line_1_36' title="bbox 190 3113 687 3186; baseline 0.008 -23"><span class='ocrx_word' id='word_1_255' title='bbox 190 3113 329 3183; x_wconf 86' lang='lat' dir='ltr'>Conatoque</span> <span class='ocrx_word' id='word_1_256' title='bbox 341 3118 410 3184; x_wconf 89' lang='lat' dir='ltr'>queri</span> <span class='ocrx_word' id='word_1_257' title='bbox 420 3118 524 3186; x_wconf 82' lang='lat' dir='ltr'>mugitus</span> <span class='ocrx_word' id='word_1_258' title='bbox 535 3118 612 3169; x_wconf 85' lang='lat' dir='ltr'>edidit</span> <span class='ocrx_word' id='word_1_259' title='bbox 622 3131 665 3167; x_wconf 86' lang='lat' dir='ltr'>ote</span> <span class='ocrx_word' id='word_1_260' title='bbox 677 3132 687 3167; x_wconf 81' lang='lat' dir='ltr'>t</span> 
     </span>
    </p>
   </div>
   <div class='ocr_carea' id='block_1_3' title="bbox 221 3155 938 3259">
    <p class='ocr_par' dir='ltr' id='par_1_3' title="bbox 221 3155 938 3259">
     <span class='ocr_line' id='line_1_37' title="bbox 221 3155 938 3259; baseline 0.015 -21"><span class='ocrx_word' id='word_1_261' title='bbox 221 3188 682 3259; x_wconf 61' lang='lat' dir='ltr'>Territaque-estiormirterrluture</span> <span class='ocrx_word' id='word_1_262' title='bbox 696 3190 770 3247; x_wconf 70' lang='lat' dir='ltr'>sui».</span> <span class='ocrx_word' id='word_1_263' title='bbox 816 3241 818 3248; x_wconf 90' lang='lat'><em>.</em></span> <span class='ocrx_word' id='word_1_264' title='bbox 907 3155 910 3160; x_wconf 11' lang='grc' dir='ltr'><em>ῃ</em></span> <span class='ocrx_word' id='word_1_265' title='bbox 934 3176 938 3185; x_wconf 68' lang='grc'><strong>’</strong></span> 
     </span>
    </p>
   </div>
   <div class='ocr_carea' id='block_1_4' title="bbox 0 0 1200 3892">
    <p class='ocr_par' dir='ltr' id='par_1_4' title="bbox 0 0 1200 3892">
     <span class='ocr_line' id='line_1_38' title="bbox 0 0 1200 3892; baseline 0 1"><span class='ocrx_word' id='word_1_266' title='bbox 0 0 1200 3892; x_wconf 95' lang='lat' dir='ltr'> </span> 
     </span>
    </p>
   </div>
  </div>
 </body>
</html>
