2392 3892
289 288 568 403 Hrrorna-s.
593 331 665 399 Er.
681 331 794 400 XXI.
848 351 916 402 ιιι

215 452 287 504 Tunc
302 469 355 502 mea
371 449 461 501 difficili
475 451 577 502 deduda
591 450 625 501 est
641 466 739 517 aequore
755 452 840 511 naris,

251 526 284 575 Et
299 526 345 575 fuit
360 525 390 574 ad
407 537 499 592 coeptas
514 528 574 575 hora
591 523 683 575 sinistra
698 523 759 573 vias.

215 597 274 663 Quo
288 599 350 665 pede
364 598 475 665 processi
490 596 497 646 !
510 615 558 664 quo
571 614 610 646 me
624 597 688 663 pede
702 596 781 645 limine
794 594 876 648 mori!

251 670 317 722 Picta
334 673 388 721 citae
402 671 473 737 tetigi
490 688 541 735 quo
556 670 618 736 pede
633 682 701 720 texta
715 668 792 738 ratis!
911 684 912 688 ¹
929 685 965 735 70

215 741 255 795 Bis
269 756 351 794 tamen
367 745 468 792 adverso
485 744 608 793 redierunt
626 742 720 792 carbasa
733 754 829 792 vento:

251 817 384 873 Mentior,
401 816 431 863 ah
447 812 568 865 demens!
584 816 627 865 ille
643 814 760 864 secundus
776 826 838 865 erat.

215 888 261 940 ille
279 887 400 938 secundus
417 900 487 948 erat,
508 888 547 956 qui
561 904 600 937 me
616 888 738 938 referebat
754 899 873 948 euntem3

252 961 355 1027 Quique
368 977 450 1027 parum
464 960 523 1011 felix
537 960 706 1026 impediebat'
699 975 755 1011 tter.

214 1034 299 1107 Atque
313 1034 400 1083 utinam
416 1033 523 1085 constans
537 1047 622 1085 contra
637 1050 691 1084 mea
704 1035 759 1085 vela
776 1022 878 1086 fuisset!
935 1048 969 1100 75

251 1103 301 1157 Sed
317 1107 411 1156 stultum
427 1106 460 1157 est
475 1109 543 1157 venti
558 1108 588 1157 de
604 1108 703 1157 levitate
720 1109 799 1173 queri.

217 1177 285 1230 Mota
301 1180 351 1230 loci
367 1180 429 1229 fama
444 1181 603 1246 properabam
618 1178 695 1229 visere
709 1180 814 1239 Delon,

250 1253 281 1302 Et
298 1254 380 1303 facere
397 1252 483 1319 ignavi
498 1268 579 1319 puppe
594 1252 694 1300 videbar
709 1252 764 1301 iter.

218 1324 293 1389 Quam
309 1327 392 1393 saepe,
409 1336 436 1375 ut
452 1326 547 1384 tardis,
565 1325 614 1375 feci
632 1324 744 1374 convicia
761 1323 852 1374 remis!
940 1355 946 1367 ·

252 1398 392 1483 Questaque
407 1398 457 1448 sum
471 1411 546 1448 vento
562 1398 637 1447 lintea
653 1412 731 1464 parca·
741 1396 812 1446 dari
806 1396 812 1430 t
936 1396 971 1447 80

216 1469 301 1537 Etiam
311 1472 452 1522 transieram
463 1470 626 1539 Myconon,¹
619 1488 668 1536 Jam
674 1470 762 1520 Tenon
775 1470 801 1521 δι
812 1469 931 1520 Andron:

179 1605 182 1613 Ι
249 1544 325 1610 Inque
342 1544 402 1594 meis
418 1545 496 1595 oculis
514 1544 616 1594 candida
631 1544 712 1595 Delos
727 1555 788 1593 erat.

217 1616 294 1681 Quam
305 1619 390 1682 procul
400 1628 428 1667 ur
437 1618 486 1667 vidi
496 1595 607 1681 ,Quid
595 1635 634 1667 me
644 1616 724 1685 fugis,
737 1617 830 1675 insula,
843 1615 909 1666 diri.
902 1613 913 1651 ³

249 1690 370 1740 Laberis
363 1707 387 1738 ιιι
403 1708 494 1780 magno
507 1691 639 1757 numquid,
658 1702 687 1740 ut
701 1702 777 1749 ante,
794 1688 878 1739 mari?

215 1762 345 1813 Institeram
359 1775 451 1823 terre,
468 1761 521 1813 crim
535 1763 600 1848 jam,
616 1780 694 1831 prope
710 1765 765 1814 luce
779 1762 893 1847 petreii,
932 1760 965 1825 85

249 1836 356 1887 Demere
373 1837 499 1904 purpureis
515 1837 579 1887 Sol'
573 1854 630 1906 puga
645 1837 723 1887 vellet
736 1837 828 1903 equis·

216 1906 284 1973 Quos
298 1910 362 1959 idem
377 1910 461 1960 soiitos
476 1909 599 1977 postquam
611 1910 739 1961 revocavit
753 1910 784 1958 ad
797 1921 866 1959 ortus
881 1940 889 1967 ,

250 1981 386 2032 Comuntur
401 1982 506 2041 nostrae,
523 1996 599 2032 matre
615 1982 736 2046 jubente,
755 1996 840 2028 comae.

216 2053 263 2121 ipsa
279 2056 347 2105 dedit
363 2070 468 2121 gemmas
483 2054 583 2119 digitis,
600 2052 746 2103 &crinibus
762 2061 865 2104 ,aurume

250 2128 281 2177 Et
297 2126 376 2179 vestes
393 2125 499 2176 humeris
516 2125 592 2175 induit
608 2125 657 2190 ipsa
672 2122 743 2172 meis.
932 2133 967 2185 90

216 2197 325 2250 Protinus
344 2198 441 2267 egreffae
456 2197 573 2265 Superis,
590 2197 676 2265 quibus
690 2194 766 2246 insula
782 2193 846 2245 sacra
861 2191 913 2253 est,

249 2275 323 2324 Flava
339 2273 444 2324 salutatis
461 2286 514 2323 tura
530 2287 671 2357 mprumque
687 2271 778 2319 damus.

214 2345 327 2412 Dumque
342 2364 429 2414 parens
444 2364 496 2399 aras
509 2346 595 2397 votivo
612 2344 725 2414 sanguine
740 2340 829 2411 tingit,

249 2419 366 2486 Festaque
382 2421 502 2472 fumosis'
496 2422 584 2489 ingerit
600 2432 657 2470 exta
673 2418 756 2475 focis3

214 2491 302 2542 Sedula
317 2509 355 2542 me
371 2494 452 2544 nutrix
468 2494 525 2544 alias
540 2510 638 2560 quoque
654 2491 740 2543 ducit
733 2508 757 2540 ιιι
773 2488 858 2545 aedes,
930 2498 964 2550 95

249 2565 411 2629 Erramusque
425 2582 488 2632 vago
503 2584 548 2631 per
562 2568 618 2617 loca
631 2565 696 2616 sacra
711 2564 786 2631 pede.

214 2638 245 2689 Et
261 2636 335 2688 modb
351 2637 485 2703 porticibus
500 2637 606 2702 spatior,
626 2637 698 2690 modb
714 2651 813 2687 munera
828 2648 912 2701 regum

249 2712 352 2762 Miror:
369 2711 394 2760 δι
409 2709 434 2758 in
449 2710 538 2760 condis
552 2709 636 2759 stantia
649 2712 716 2778 signa
729 2710 801 2761 locist

214 2784 294 2834 Miror
312 2787 337 2836 bt
355 2781 484 2833 innumeris
499 2782 607 2832 drudam
620 2781 650 2831 de
665 2784 776 2833 cornibus
790 2797 874 2840 aram,

252 2858 283 2907 Et
297 2858 327 2907 de
341 2876 386 2926 qua
400 2857 495 2923 pariens
510 2856 596 2905 arbore
611 2855 665 2903 nixa
679 2856 735 2905 Dee
749 2855 791 2905 est.
933 2865 984 2902 100

214 2930 246 2981 Et
258 2948 312 2995 quae
320 2940 439 2996 praeterea
452 2928 462 2995 (
474 2946 553 2997 neque
565 2929 629 2978 enim
639 2928 784 2986 meminive,
800 2926 911 2985 libetve,

255 3002 376 3071 Quicquid
390 3005 423 3056 ibi
437 3004 507 3065 uidi,
526 3001 629 3063 dicere,
643 3002 655 3071 )
673 3002 755 3054 Delos
767 3000 851 3053 babet.
934 3069 938 3078 Ι
