2392 3892
274 434 330 489 nr
353 414 472 485 Ahar
495 412 690 486 Anauni
717 418 755 485 L.
782 421 813 488 J.
840 440 917 518 203

223 534 254 587 Tu
267 538 304 603 pia
320 538 371 588 tela
387 537 472 595 feres,
493 535 621 586 sceleratas
638 535 678 584 ille
694 534 809 603 sagittas:

250 611 348 661 Stabunt
364 625 410 677 pto
426 608 499 677 signis
514 608 601 676 jusque
618 609 730 675 piumque
745 611 803 660 tuis.
928 628 982 666 200

219 684 346 735 Vincuntur
365 682 438 733 causi
451 682 534 732 Parthi
548 716 556 742 ,
570 684 699 732 vincantur
716 684 742 733 &
757 684 837 735 armis.

248 758 310 808 ans
326 757 398 807 Latio
414 757 463 806 dux
479 772 546 806 meus
561 756 634 804 addat
650 771 721 821 opes.

217 830 325 897 Marsque
335 840 405 895 pater
416 863 424 888 ,
442 830 568 895 Caesarque
579 841 648 896 pater
659 861 667 887 ,
685 830 740 878 date
751 846 839 879 numen
850 831 915 882 eunti
926 848 933 883 :

246 904 308 953 Nam
321 904 394 953 Deus
408 920 423 953 e
438 903 508 952 vobis
525 904 587 954 alter
602 919 647 961 es,
664 903 726 952 alter
741 904 799 953 eris.

215 976 324 1044 Auguror
338 992 389 1035 en,
405 975 508 1034 vinces3
523 977 655 1042 votivaque
670 976 775 1027 carmina
789 977 908 1030 reddam:
929 995 978 1044 205

246 1050 278 1099 Et
294 1065 382 1118 magno
399 1049 469 1100 nobis
486 1065 529 1098 ore
546 1049 666 1099 sonandus
682 1050 740 1101 eris.

218 1122 355 1181 Consistes,
376 1123 500 1189 aciemque
516 1123 575 1172 meis
589 1124 719 1174 hortabere
735 1124 836 1177 verbis:

248 1195 273 1246 0
290 1195 298 1246 l
315 1195 396 1246 desint
411 1196 494 1245 animis
509 1211 541 1246 ne
556 1213 611 1245 mea
625 1198 700 1247 verba
715 1198 783 1249 tuis!

215 1268 343 1335 Tergaque
359 1268 520 1325 Parthorum,
537 1269 693 1334 Romanaque
709 1271 806 1335 pellona
822 1272 919 1331 dicam;

248 1342 378 1407 Telaque,
399 1343 428 1390 ab
443 1341 528 1391 averso
544 1359 597 1406 quae
612 1341 672 1405 jacit
686 1342 757 1392 hostis
774 1360 847 1409 equo.
930 1361 982 1395 210

214 1412 262 1479 Qui
272 1414 353 1483 fugis,
371 1426 398 1465 ut
407 1415 489 1463 vincas
502 1447 511 1469 ,
528 1415 584 1480 quid
594 1414 658 1463 vitto
670 1447 677 1472 ,
688 1414 794 1474 Parthe,
810 1418 923 1482 relinquis
935 1418 945 1467 ἓ

247 1487 357 1546 Parthe,
371 1489 458 1537 malum
467 1486 515 1554 jam
526 1504 589 1537 nunc
601 1487 669 1537 Mars
679 1498 735 1538 tuus
747 1504 819 1538 omen
827 1490 910 1539 habet.

212 1560 277 1627 Ergo
293 1561 341 1611 erit
356 1560 398 1610 illa
415 1561 484 1620 dies,
502 1560 548 1627 qul
562 1573 609 1618 tu,
627 1561 787 1627 pulcherrime
804 1579 903 1621 rerum,

249 1633 374 1696 Quattuor
389 1634 413 1683 in
431 1634 506 1684 niveis
521 1651 608 1684 aureus
624 1635 668 1684 ibis
683 1634 771 1700 equis!

212 1706 283 1757 lbunt
300 1719 357 1758 ante
374 1707 448 1757 duces
465 1709 557 1758 onerati
573 1709 636 1756 colla
653 1710 766 1765 catenisa
930 1723 961 1759 at
969 1723 982 1773 5

248 1781 288 1829 Ne
304 1779 397 1845 possint
410 1782 476 1839 tuti,
496 1781 542 1846 qul
556 1780 640 1846 prius,
660 1779 707 1831 else
722 1780 788 1849 fugi.

213 1852 359 1919 speeahunt
374 1854 424 1904 laeti
439 1853 558 1920 juvenes,
578 1855 706 1923 mixtaeque
722 1857 810 1923 puellae
824 1870 833 1907 a

249 1924 424 1993 Diffundetque
440 1929 531 1978 animos
548 1929 658 1981 omnibus
674 1929 714 1979 itta
732 1931 793 1982 dies.

213 1999 295 2065 Atque
311 2001 388 2067 aliqua
405 2018 435 2050 ex
452 2002 496 2052 illis
513 2000 567 2051 etim
577 2003 672 2069 Regum
688 2005 783 2053 nomina
800 2015 910 2069 quaeret,

250 2071 313 2135 Quae
323 2075 378 2124 loca
389 2108 396 2133 ,
409 2076 448 2141 qui
459 2087 554 2124 montes
566 2106 574 2132 ,
589 2090 675 2140 quaeve
685 2076 793 2126 ferantur
803 2092 871 2139 aquae
882 2091 893 2131 ,·
932 2086 984 2123 220

213 2144 303 2196 Omnia
318 2145 457 2212 responde,
476 2164 521 2196 nec
539 2144 632 2201 tantiam
645 2147 666 2197 si
681 2163 727 2212 qua
742 2148 858 2214 rogabit:

250 2218 282 2268 Et
297 2235 349 2284 quae
365 2220 497 2279 nescieris,
515 2230 543 2270 ut
558 2220 622 2268 bene
639 2230 697 2269 nota
714 2218 789 2270 refer.

213 2290 262 2342 Hic
279 2290 313 2341 est
329 2292 482 2360 Euphrates,
500 2293 643 2359 ptaecintlus
659 2293 774 2342 arundine
791 2292 917 2341 frontem:

253 2364 301 2415 Cui
316 2381 385 2416 corna
401 2367 523 2434 dependet
537 2369 644 2426 caerula,
661 2364 742 2434 Tigris
759 2366 815 2417 erit.

213 2437 269 2487 Hos
287 2437 362 2490 latito
378 2439 506 2491 Armenios
523 2456 530 2491 t
545 2442 596 2491 haec
614 2439 648 2490 est
661 2440 770 2491 Danaeia
786 2436 887 2490 Persist
932 2450 984 2499 225

251 2512 318 2561 Urbs
334 2512 358 2562 in
373 2514 531 2565 Achemenils
546 2516 649 2565 vallibus
666 2514 707 2565 ista
723 2514 778 2565 fuit.

213 2585 280 2640 llles
298 2586 339 2634 vel
349 2585 390 2634 ille
402 2619 410 2645 ,
427 2588 501 2638 duces
514 2604 522 2639 a
539 2589 565 2637 δι
579 2600 672 2645 erunt,
692 2605 744 2653 quae
757 2585 856 2636 nomina
865 2583 950 2634 dicas:

254 2655 280 2703 Si
296 2656 406 2721 poteris,
422 2660 481 2709 vere
497 2675 505 2709 t
521 2660 541 2709 si
557 2662 654 2719 minus,
671 2673 727 2725 apta
741 2672 834 2708 tamen.

214 2730 286 2780 Dant
302 2727 373 2778 etiam
389 2732 473 2795 positis
489 2731 577 2780 aditum
595 2733 708 2782 convivia
723 2730 834 2780 mensist

254 2801 293 2852 Est
309 2801 418 2867 aliquid,
435 2815 524 2868 praeter
538 2805 613 2863 vina,
630 2804 697 2870 quod
710 2804 765 2854 inde
782 2814 861 2871 petas.
935 2815 989 2868 230

218 2876 288 2940 Saepe
303 2876 352 2926 illic
369 2876 442 2942 positi
457 2876 548 2927 teneris
564 2876 665 2926 addufta
679 2876 777 2927 lacertis

254 2949 391 3017 Purpureus
408 2949 498 3001 Bacchi
514 2966 604 3000 cornua
620 2952 709 3017 pressit
725 2952 821 3002 Amore

219 3021 331 3089 Vinaque
348 3024 400 3075 etim
416 3025 508 3076 bibulas
524 3024 631 3090 sparsere
646 3025 769 3092 Cupidinis
786 3026 856 3085 alas,

259 3093 405 3160 Permanet,
423 3101 450 3153 δι
469 3112 542 3169 capto
558 3099 601 3151 {lat
618 3101 696 3169 granis
711 3093 753 3154 ille
764 3102 834 3158 loeo.

831 3183 882 3255 lvj
