<?xml version="1.0" encoding="UTF-8"?>
<!DOCTYPE html PUBLIC "-//W3C//DTD XHTML 1.0 Transitional//EN"
    "http://www.w3.org/TR/xhtml1/DTD/xhtml1-transitional.dtd">
<html xmlns="http://www.w3.org/1999/xhtml" xml:lang="en" lang="en">
 <head>
  <title>
</title>
<meta http-equiv="Content-Type" content="text/html;charset=utf-8" />
  <meta name='ocr-system' content='tesseract 3.04.00' />
  <meta name='ocr-capabilities' content='ocr_page ocr_carea ocr_par ocr_line ocrx_word'/>
</head>
<body>
  <div class='ocr_page' id='page_1' title='image "./povidiinasoniso00heingoog_0085.png"; bbox 0 0 2392 3892; ppageno 0'>
   <div class='ocr_carea' id='block_1_1' title="bbox 264 468 863 543">
    <p class='ocr_par' dir='ltr' id='par_1_1' title="bbox 264 468 863 543">
     <span class='ocr_line' id='line_1_1' title="bbox 264 468 863 543; baseline -0.005 0"><span class='ocrx_word' id='word_1_1' title='bbox 264 472 313 543; x_wconf 88' lang='lat'><strong>66</strong></span> <span class='ocrx_word' id='word_1_2' title='bbox 362 470 402 537; x_wconf 87' lang='lat' dir='ltr'><strong>P.</strong></span> <span class='ocrx_word' id='word_1_3' title='bbox 428 469 614 537; x_wconf 69' lang='lat'><strong>07&#39;11211</strong></span> <span class='ocrx_word' id='word_1_4' title='bbox 640 468 863 540; x_wconf 58' lang='lat' dir='ltr'><strong>leoms</strong></span> 
     </span>
    </p>
   </div>
   <div class='ocr_carea' id='block_1_2' title="bbox 202 588 953 2768">
    <p class='ocr_par' dir='ltr' id='par_1_2' title="bbox 202 588 953 2768">
     <span class='ocr_line' id='line_1_2' title="bbox 264 588 911 657; baseline 0.003 -15"><span class='ocrx_word' id='word_1_5' title='bbox 264 592 298 642; x_wconf 76' lang='lat' dir='ltr'><strong>At</strong></span> <span class='ocrx_word' id='word_1_6' title='bbox 311 592 368 640; x_wconf 84' lang='lat' dir='ltr'><strong>mihi</strong></span> <span class='ocrx_word' id='word_1_7' title='bbox 381 589 510 657; x_wconf 80' lang='lat' dir='ltr'>Pegasides</span> <span class='ocrx_word' id='word_1_8' title='bbox 525 588 675 637; x_wconf 78' lang='lat' dir='ltr'><strong>blandissima</strong></span> <span class='ocrx_word' id='word_1_9' title='bbox 687 588 792 638; x_wconf 84' lang='lat' dir='ltr'><strong>carmina</strong></span> <span class='ocrx_word' id='word_1_10' title='bbox 803 591 911 644; x_wconf 66' lang='lat' dir='ltr'><strong>distare</strong></span> 
     </span>
     <span class='ocr_line' id='line_1_3' title="bbox 300 663 822 718; baseline -0.002 -4"><span class='ocrx_word' id='word_1_11' title='bbox 300 664 353 716; x_wconf 87' lang='lat' dir='ltr'><strong>Jarn</strong></span> <span class='ocrx_word' id='word_1_12' title='bbox 362 663 456 713; x_wconf 89' lang='lat' dir='ltr'><strong>canitur</strong></span> <span class='ocrx_word' id='word_1_13' title='bbox 465 675 619 718; x_wconf 77' lang='lat' dir='ltr'><strong>totonomen</strong></span> <span class='ocrx_word' id='word_1_14' title='bbox 627 664 651 709; x_wconf 85' lang='lat' dir='ltr'><strong>in</strong></span> <span class='ocrx_word' id='word_1_15' title='bbox 661 663 721 711; x_wconf 85' lang='lat' dir='ltr'><strong>orbe</strong></span> <span class='ocrx_word' id='word_1_16' title='bbox 731 678 822 713; x_wconf 78' lang='lat' dir='ltr'><strong>meson.</strong></span> 
     </span>
     <span class='ocr_line' id='line_1_4' title="bbox 264 734 907 805; baseline -0.006 -18"><span class='ocrx_word' id='word_1_17' title='bbox 264 738 320 787; x_wconf 88' lang='lat' dir='ltr'><strong>Nec</strong></span> <span class='ocrx_word' id='word_1_18' title='bbox 328 739 383 803; x_wconf 74' lang='lat' dir='ltr'><strong>plius</strong></span> <span class='ocrx_word' id='word_1_19' title='bbox 393 738 507 793; x_wconf 67' lang='lat' dir='ltr'><strong>Aloeus,</strong></span> <span class='ocrx_word' id='word_1_20' title='bbox 517 734 619 785; x_wconf 83' lang='lat' dir='ltr'><strong>consors</strong></span> <span class='ocrx_word' id='word_1_21' title='bbox 634 735 765 801; x_wconf 73' lang='lat' dir='ltr'><strong>porriaeque</strong></span> <span class='ocrx_word' id='word_1_22' title='bbox 777 738 907 805; x_wconf 73' lang='lat' dir='ltr'><strong>lyr-aque,</strong></span> 
     </span>
     <span class='ocr_line' id='line_1_5' title="bbox 223 808 869 877; baseline 0 -15"><span class='ocrx_word' id='word_1_23' title='bbox 223 825 257 877; x_wconf 77' lang='lat'><strong>30</strong></span> <span class='ocrx_word' id='word_1_24' title='bbox 302 811 391 861; x_wconf 87' lang='lat' dir='ltr'><strong>Laudis</strong></span> <span class='ocrx_word' id='word_1_25' title='bbox 401 811 476 860; x_wconf 85' lang='lat' dir='ltr'><strong>habet</strong></span> <span class='ocrx_word' id='word_1_26' title='bbox 485 825 492 858; x_wconf 92' lang='lat'><strong>:</strong></span> <span class='ocrx_word' id='word_1_27' title='bbox 502 808 611 875; x_wconf 78' lang='lat' dir='ltr'><strong>quamvis</strong></span> <span class='ocrx_word' id='word_1_28' title='bbox 620 808 731 875; x_wconf 77' lang='lat' dir='ltr'><strong>grandius</strong></span> <span class='ocrx_word' id='word_1_29' title='bbox 737 809 779 858; x_wconf 87' lang='lat' dir='ltr'><strong>ille</strong></span> <span class='ocrx_word' id='word_1_30' title='bbox 789 810 869 863; x_wconf 87' lang='lat' dir='ltr'><strong>sonet.</strong></span> 
     </span>
     <span class='ocr_line' id='line_1_6' title="bbox 265 877 804 949; baseline -0.004 -14"><span class='ocrx_word' id='word_1_31' title='bbox 265 884 291 935; x_wconf 90' lang='lat' dir='ltr'><strong>si</strong></span> <span class='ocrx_word' id='word_1_32' title='bbox 302 885 359 934; x_wconf 82' lang='lat' dir='ltr'><strong>milti</strong></span> <span class='ocrx_word' id='word_1_33' title='bbox 370 882 473 934; x_wconf 83' lang='lat' dir='ltr'><strong>difficilis</strong></span> <span class='ocrx_word' id='word_1_34' title='bbox 484 877 583 932; x_wconf 74' lang='lat' dir='ltr'><strong>formam</strong></span> <span class='ocrx_word' id='word_1_35' title='bbox 594 894 679 931; x_wconf 87' lang='lat' dir='ltr'><strong>natura</strong></span> <span class='ocrx_word' id='word_1_36' title='bbox 688 883 804 949; x_wconf 80' lang='lat' dir='ltr'><strong>negavit,</strong></span> 
     </span>
     <span class='ocr_line' id='line_1_7' title="bbox 302 955 793 1025; baseline -0.002 -18"><span class='ocrx_word' id='word_1_37' title='bbox 302 958 405 1025; x_wconf 84' lang='lat' dir='ltr'><strong>Ingenio</strong></span> <span class='ocrx_word' id='word_1_38' title='bbox 414 958 498 1007; x_wconf 71' lang='lat' dir='ltr'><strong>forma</strong></span> <span class='ocrx_word' id='word_1_39' title='bbox 512 956 596 1004; x_wconf 90' lang='lat' dir='ltr'><strong>damna</strong></span> <span class='ocrx_word' id='word_1_40' title='bbox 606 955 715 1020; x_wconf 87' lang='lat' dir='ltr'><strong>rependo</strong></span> <span class='ocrx_word' id='word_1_41' title='bbox 724 971 793 1006; x_wconf 81' lang='lat' dir='ltr'><strong>meae.</strong></span> 
     </span>
     <span class='ocr_line' id='line_1_8' title="bbox 265 1029 952 1097; baseline 0.003 -16"><span class='ocrx_word' id='word_1_42' title='bbox 265 1031 323 1082; x_wconf 85' lang='lat' dir='ltr'><strong>Surn</strong></span> <span class='ocrx_word' id='word_1_43' title='bbox 339 1032 437 1088; x_wconf 79' lang='lat' dir='ltr'><strong>brevis3</strong></span> <span class='ocrx_word' id='word_1_44' title='bbox 451 1041 476 1078; x_wconf 86' lang='lat' dir='ltr'><strong>at</strong></span> <span class='ocrx_word' id='word_1_45' title='bbox 488 1045 592 1084; x_wconf 85' lang='lat' dir='ltr'><strong>nomen,</strong></span> <span class='ocrx_word' id='word_1_46' title='bbox 604 1029 753 1094; x_wconf 79' lang='lat' dir='ltr'><strong>quodterras</strong></span> <span class='ocrx_word' id='word_1_47' title='bbox 763 1030 864 1097; x_wconf 85' lang='lat' dir='ltr'><strong>impleat</strong></span> <span class='ocrx_word' id='word_1_48' title='bbox 875 1046 952 1083; x_wconf 80' lang='lat' dir='ltr'><strong>omnes</strong></span> 
     </span>
     <span class='ocr_line' id='line_1_9' title="bbox 302 1101 804 1165; baseline -0.004 -12"><span class='ocrx_word' id='word_1_49' title='bbox 302 1103 341 1153; x_wconf 74' lang='lat' dir='ltr'><strong>En</strong></span> <span class='ocrx_word' id='word_1_50' title='bbox 350 1104 407 1151; x_wconf 87' lang='lat' dir='ltr'><strong>mihi</strong></span> <span class='ocrx_word' id='word_1_51' title='bbox 416 1118 423 1151; x_wconf 73' lang='grc' dir='ltr'><em>τ</em></span> <span class='ocrx_word' id='word_1_52' title='bbox 432 1101 563 1150; x_wconf 86' lang='lat' dir='ltr'><strong>mensuram</strong></span> <span class='ocrx_word' id='word_1_53' title='bbox 574 1101 676 1149; x_wconf 85' lang='lat' dir='ltr'><strong>nominis</strong></span> <span class='ocrx_word' id='word_1_54' title='bbox 684 1101 732 1165; x_wconf 88' lang='lat' dir='ltr'><strong>ipsa</strong></span> <span class='ocrx_word' id='word_1_55' title='bbox 742 1101 804 1151; x_wconf 86' lang='lat' dir='ltr'><strong>fero.</strong></span> 
     </span>
     <span class='ocr_line' id='line_1_10' title="bbox 222 1172 855 1243; baseline -0.002 -18"><span class='ocrx_word' id='word_1_56' title='bbox 222 1192 254 1243; x_wconf 88' lang='lat'><strong>35</strong></span> <span class='ocrx_word' id='word_1_57' title='bbox 267 1176 373 1226; x_wconf 85' lang='lat' dir='ltr'><strong>Candida</strong></span> <span class='ocrx_word' id='word_1_58' title='bbox 380 1175 400 1223; x_wconf 87' lang='lat' dir='ltr'><strong>si</strong></span> <span class='ocrx_word' id='word_1_59' title='bbox 408 1173 530 1229; x_wconf 76' lang='lat' dir='ltr'><strong>nonium,</strong></span> <span class='ocrx_word' id='word_1_60' title='bbox 539 1173 631 1236; x_wconf 87' lang='lat' dir='ltr'><strong>placuit</strong></span> <span class='ocrx_word' id='word_1_61' title='bbox 641 1172 753 1238; x_wconf 85' lang='lat' dir='ltr'><strong>Cepheia</strong></span> <span class='ocrx_word' id='word_1_62' title='bbox 761 1174 855 1228; x_wconf 82' lang='lat' dir='ltr'><strong>Perseo</strong></span> 
     </span>
     <span class='ocr_line' id='line_1_11' title="bbox 301 1245 811 1311; baseline 0.01 -16"><span class='ocrx_word' id='word_1_63' title='bbox 301 1247 473 1303; x_wconf 82' lang='lat' dir='ltr'>Andromede,</span> <span class='ocrx_word' id='word_1_64' title='bbox 487 1245 571 1311; x_wconf 71' lang='lat' dir='ltr'><strong>patrie</strong></span> <span class='ocrx_word' id='word_1_65' title='bbox 582 1245 647 1295; x_wconf 81' lang='lat' dir='ltr'><strong>fusca</strong></span> <span class='ocrx_word' id='word_1_66' title='bbox 658 1247 742 1296; x_wconf 87' lang='lat' dir='ltr'><strong>colore</strong></span> <span class='ocrx_word' id='word_1_67' title='bbox 752 1247 811 1300; x_wconf 73' lang='lat' dir='ltr'><strong>suae.</strong></span> 
     </span>
     <span class='ocr_line' id='line_1_12' title="bbox 266 1318 811 1386; baseline 0.004 -15"><span class='ocrx_word' id='word_1_68' title='bbox 266 1320 297 1382; x_wconf 72' lang='lat' dir='ltr'><strong>Er</strong></span> <span class='ocrx_word' id='word_1_69' title='bbox 310 1320 382 1370; x_wconf 79' lang='lat' dir='ltr'><strong>variis</strong></span> <span class='ocrx_word' id='word_1_70' title='bbox 391 1321 452 1370; x_wconf 80' lang='lat' dir='ltr'><strong>alba</strong></span> <span class='ocrx_word' id='word_1_71' title='bbox 460 1318 594 1386; x_wconf 80' lang='lat' dir='ltr'><strong>junguntur</strong></span> <span class='ocrx_word' id='word_1_72' title='bbox 601 1319 663 1384; x_wconf 74' lang='lat' dir='ltr'><strong>sepe</strong></span> <span class='ocrx_word' id='word_1_73' title='bbox 675 1320 811 1373; x_wconf 79' lang='lat' dir='ltr'><strong>columbae:</strong></span> 
     </span>
     <span class='ocr_line' id='line_1_13' title="bbox 300 1394 771 1462; baseline 0 -19"><span class='ocrx_word' id='word_1_74' title='bbox 300 1394 333 1443; x_wconf 83' lang='lat' dir='ltr'><strong>Et</strong></span> <span class='ocrx_word' id='word_1_75' title='bbox 341 1395 410 1462; x_wconf 83' lang='lat' dir='ltr'><strong>niger</strong></span> <span class='ocrx_word' id='word_1_76' title='bbox 419 1410 434 1443; x_wconf 88' lang='lat' dir='ltr'><strong>a</strong></span> <span class='ocrx_word' id='word_1_77' title='bbox 446 1394 605 1443; x_wconf 83' lang='lat' dir='ltr'><strong>virirb&#39;turtur</strong></span> <span class='ocrx_word' id='word_1_78' title='bbox 612 1404 705 1441; x_wconf 77' lang='lat' dir='ltr'><strong>amatur</strong></span> <span class='ocrx_word' id='word_1_79' title='bbox 714 1409 771 1443; x_wconf 84' lang='lat' dir='ltr'><strong>ave.</strong></span> 
     </span>
     <span class='ocr_line' id='line_1_14' title="bbox 265 1465 830 1533; baseline -0.002 -15"><span class='ocrx_word' id='word_1_80' title='bbox 265 1468 291 1519; x_wconf 85' lang='lat' dir='ltr'><strong>si</strong></span> <span class='ocrx_word' id='word_1_81' title='bbox 300 1501 308 1526; x_wconf 90' lang='lat'>,</span> <span class='ocrx_word' id='word_1_82' title='bbox 322 1468 368 1517; x_wconf 86' lang='lat' dir='ltr'><strong>nisi</strong></span> <span class='ocrx_word' id='word_1_83' title='bbox 383 1484 437 1533; x_wconf 73' lang='lat' dir='ltr'><strong>qua</strong></span> <span class='ocrx_word' id='word_1_84' title='bbox 447 1467 509 1515; x_wconf 86' lang='lat' dir='ltr'><strong>facie</strong></span> <span class='ocrx_word' id='word_1_85' title='bbox 518 1466 610 1531; x_wconf 81' lang='lat' dir='ltr'><strong>poterit</strong></span> <span class='ocrx_word' id='word_1_86' title='bbox 619 1477 645 1514; x_wconf 87' lang='lat' dir='ltr'><strong>te</strong></span> <span class='ocrx_word' id='word_1_87' title='bbox 656 1466 727 1531; x_wconf 84' lang='lat' dir='ltr'><strong>digna</strong></span> <span class='ocrx_word' id='word_1_88' title='bbox 736 1465 830 1527; x_wconf 80' lang='lat' dir='ltr'><strong>videri,</strong></span> 
     </span>
     <span class='ocr_line' id='line_1_15' title="bbox 220 1538 849 1606; baseline -0.01 -13"><span class='ocrx_word' id='word_1_89' title='bbox 220 1559 255 1606; x_wconf 88' lang='lat'><strong>40</strong></span> <span class='ocrx_word' id='word_1_90' title='bbox 302 1542 375 1591; x_wconf 82' lang='lat' dir='ltr'><strong>Nulla</strong></span> <span class='ocrx_word' id='word_1_91' title='bbox 384 1541 464 1590; x_wconf 83' lang='lat' dir='ltr'><strong>lutura</strong></span> <span class='ocrx_word' id='word_1_92' title='bbox 473 1538 575 1596; x_wconf 73' lang='lat' dir='ltr'><strong>turaed3</strong></span> <span class='ocrx_word' id='word_1_93' title='bbox 585 1538 651 1587; x_wconf 75' lang='lat' dir='ltr'><strong>muln</strong></span> <span class='ocrx_word' id='word_1_94' title='bbox 659 1538 740 1587; x_wconf 71' lang='lat' dir='ltr'><strong>littura</strong></span> <span class='ocrx_word' id='word_1_95' title='bbox 752 1551 793 1588; x_wconf 86' lang='lat' dir='ltr'><strong>tua</strong></span> <span class='ocrx_word' id='word_1_96' title='bbox 803 1539 849 1592; x_wconf 78' lang='lat' dir='ltr'><strong>est.</strong></span> 
     </span>
     <span class='ocr_line' id='line_1_16' title="bbox 264 1610 877 1679; baseline -0.002 -14"><span class='ocrx_word' id='word_1_97' title='bbox 264 1613 313 1672; x_wconf 77' lang='lat' dir='ltr'><strong>At,</strong></span> <span class='ocrx_word' id='word_1_98' title='bbox 326 1631 364 1673; x_wconf 78' lang='lat' dir='ltr'><strong>rue</strong></span> <span class='ocrx_word' id='word_1_99' title='bbox 375 1613 430 1663; x_wconf 82' lang='lat' dir='ltr'><strong>edm</strong></span> <span class='ocrx_word' id='word_1_100' title='bbox 438 1615 551 1679; x_wconf 78' lang='lat' dir='ltr'><strong>legeres,</strong></span> <span class='ocrx_word' id='word_1_101' title='bbox 561 1611 636 1661; x_wconf 75' lang='lat' dir='ltr'><strong>etim</strong></span> <span class='ocrx_word' id='word_1_102' title='bbox 648 1610 751 1661; x_wconf 78' lang='lat' dir='ltr'><strong>formosa</strong></span> <span class='ocrx_word' id='word_1_103' title='bbox 758 1613 877 1667; x_wconf 81' lang='lat' dir='ltr'><strong>videbar:</strong></span> 
     </span>
     <span class='ocr_line' id='line_1_17' title="bbox 301 1684 763 1751; baseline 0 -16"><span class='ocrx_word' id='word_1_104' title='bbox 301 1686 379 1735; x_wconf 86' lang='lat' dir='ltr'><strong>Unam</strong></span> <span class='ocrx_word' id='word_1_105' title='bbox 389 1685 486 1751; x_wconf 78' lang='lat' dir='ltr'><strong>jurabas</strong></span> <span class='ocrx_word' id='word_1_106' title='bbox 496 1684 570 1749; x_wconf 84' lang='lat' dir='ltr'><strong>usque</strong></span> <span class='ocrx_word' id='word_1_107' title='bbox 587 1685 676 1734; x_wconf 84' lang='lat' dir='ltr'><strong>decere</strong></span> <span class='ocrx_word' id='word_1_108' title='bbox 685 1685 763 1751; x_wconf 84' lang='lat' dir='ltr'><strong>loqui.</strong></span> 
     </span>
     <span class='ocr_line' id='line_1_18' title="bbox 265 1757 953 1817; baseline 0.006 -10"><span class='ocrx_word' id='word_1_109' title='bbox 265 1758 416 1817; x_wconf 74' lang='lat' dir='ltr'><strong>cantabam,</strong></span> <span class='ocrx_word' id='word_1_110' title='bbox 431 1757 529 1806; x_wconf 84' lang='lat' dir='ltr'><strong>memini</strong></span> <span class='ocrx_word' id='word_1_111' title='bbox 542 1758 722 1814; x_wconf 67' lang='lat' dir='ltr'><strong>meminerunt</strong></span> <span class='ocrx_word' id='word_1_112' title='bbox 734 1758 813 1809; x_wconf 84' lang='lat' dir='ltr'><strong>omnia</strong></span> <span class='ocrx_word' id='word_1_113' title='bbox 826 1772 953 1811; x_wconf 80' lang='lat' dir='ltr'><strong>amantes:</strong></span> 
     </span>
     <span class='ocr_line' id='line_1_19' title="bbox 302 1830 783 1895; baseline 0.002 -14"><span class='ocrx_word' id='word_1_114' title='bbox 302 1830 396 1891; x_wconf 82' lang='lat' dir='ltr'><strong>Oscula¹</strong></span> <span class='ocrx_word' id='word_1_115' title='bbox 403 1830 510 1880; x_wconf 79' lang='lat' dir='ltr'><strong>cantanti</strong></span> <span class='ocrx_word' id='word_1_116' title='bbox 518 1842 546 1879; x_wconf 89' lang='lat' dir='ltr'><strong>tu</strong></span> <span class='ocrx_word' id='word_1_117' title='bbox 557 1831 614 1880; x_wconf 86' lang='lat' dir='ltr'><strong>mihi</strong></span> <span class='ocrx_word' id='word_1_118' title='bbox 624 1842 693 1895; x_wconf 66' lang='lat' dir='ltr'><strong>rapta</strong></span> <span class='ocrx_word' id='word_1_119' title='bbox 701 1832 783 1882; x_wconf 77' lang='lat' dir='ltr'><strong>dabas.</strong></span> 
     </span>
     <span class='ocr_line' id='line_1_20' title="bbox 219 1903 953 1971; baseline 0.007 -19"><span class='ocrx_word' id='word_1_120' title='bbox 219 1918 252 1965; x_wconf 82' lang='lat'><strong>45</strong></span> <span class='ocrx_word' id='word_1_121' title='bbox 266 1903 327 1952; x_wconf 77' lang='lat' dir='ltr'><strong>Haec</strong></span> <span class='ocrx_word' id='word_1_122' title='bbox 341 1919 438 1969; x_wconf 89' lang='lat' dir='ltr'><strong>quoque</strong></span> <span class='ocrx_word' id='word_1_123' title='bbox 449 1903 563 1952; x_wconf 78' lang='lat' dir='ltr'><strong>laudabas</strong></span> <span class='ocrx_word' id='word_1_124' title='bbox 575 1919 582 1952; x_wconf 74' lang='grc' dir='ltr'><em>τ</em></span> <span class='ocrx_word' id='word_1_125' title='bbox 594 1904 708 1971; x_wconf 67' lang='grc' dir='ltr'><strong>οιπιήῳε</strong></span> <span class='ocrx_word' id='word_1_126' title='bbox 721 1921 735 1953; x_wconf 89' lang='lat' dir='ltr'><strong>a</strong></span> <span class='ocrx_word' id='word_1_127' title='bbox 750 1915 820 1971; x_wconf 83' lang='lat' dir='ltr'><strong>parte</strong></span> <span class='ocrx_word' id='word_1_128' title='bbox 830 1906 953 1971; x_wconf 80' lang='lat' dir='ltr'><strong>placebam</strong></span> 
     </span>
     <span class='ocr_line' id='line_1_21' title="bbox 300 1974 851 2044; baseline 0.011 -21"><span class='ocrx_word' id='word_1_129' title='bbox 300 1975 348 2024; x_wconf 85' lang='lat' dir='ltr'><strong>Sed</strong></span> <span class='ocrx_word' id='word_1_130' title='bbox 358 1986 409 2023; x_wconf 87' lang='lat' dir='ltr'><strong>tum</strong></span> <span class='ocrx_word' id='word_1_131' title='bbox 418 1974 557 2041; x_wconf 75' lang='lat' dir='ltr'><strong>pracipud,</strong></span> <span class='ocrx_word' id='word_1_132' title='bbox 567 1974 623 2025; x_wconf 83' lang='lat' dir='ltr'><strong>crim</strong></span> <span class='ocrx_word' id='word_1_133' title='bbox 631 1975 659 2026; x_wconf 80' lang='lat' dir='ltr'><strong>fit</strong></span> <span class='ocrx_word' id='word_1_134' title='bbox 668 1977 765 2027; x_wconf 79' lang='lat' dir='ltr'><strong>Amoris</strong></span> <span class='ocrx_word' id='word_1_135' title='bbox 779 1994 851 2044; x_wconf 84' lang='lat' dir='ltr'><strong>opus.</strong></span> 
     </span>
     <span class='ocr_line' id='line_1_22' title="bbox 263 2047 828 2116; baseline 0.004 -18"><span class='ocrx_word' id='word_1_136' title='bbox 263 2048 428 2115; x_wconf 78' lang='lat' dir='ltr'><strong>Tunctepluc</strong></span> <span class='ocrx_word' id='word_1_137' title='bbox 441 2047 513 2099; x_wconf 87' lang='lat' dir='ltr'><strong>solito</strong></span> <span class='ocrx_word' id='word_1_138' title='bbox 521 2048 828 2116; x_wconf 64' lang='lat' dir='ltr'><strong>lascivianostnjuvsban</strong></span> 
     </span>
     <span class='ocr_line' id='line_1_23' title="bbox 299 2120 883 2190; baseline 0.005 -19"><span class='ocrx_word' id='word_1_139' title='bbox 299 2121 439 2187; x_wconf 83' lang='lat' dir='ltr'><strong>Crebraque</strong></span> <span class='ocrx_word' id='word_1_140' title='bbox 454 2120 575 2171; x_wconf 79' lang='lat' dir='ltr'><strong>mobilitas</strong></span> <span class='ocrx_word' id='word_1_141' title='bbox 585 2154 593 2181; x_wconf 79' lang='lat'>‚</span> <span class='ocrx_word' id='word_1_142' title='bbox 604 2136 708 2190; x_wconf 73' lang='lat' dir='ltr'><strong>aptaque</strong></span> <span class='ocrx_word' id='word_1_143' title='bbox 719 2125 794 2174; x_wconf 73' lang='lat' dir='ltr'><strong>verba</strong></span> <span class='ocrx_word' id='word_1_144' title='bbox 806 2122 865 2189; x_wconf 85' lang='lat' dir='ltr'><strong>joco</strong></span> <span class='ocrx_word' id='word_1_145' title='bbox 874 2140 883 2174; x_wconf 74' lang='lat' dir='ltr'><strong>r</strong></span> 
     </span>
     <span class='ocr_line' id='line_1_24' title="bbox 202 2193 953 2265; baseline 0.005 -20"><span class='ocrx_word' id='word_1_146' title='bbox 202 2253 205 2258; x_wconf 26' lang='lat'>¹</span> <span class='ocrx_word' id='word_1_147' title='bbox 262 2194 378 2263; x_wconf 83' lang='lat' dir='ltr'>Quique,</span> <span class='ocrx_word' id='word_1_148' title='bbox 388 2196 429 2245; x_wconf 90' lang='lat' dir='ltr'><strong>ubi</strong></span> <span class='ocrx_word' id='word_1_149' title='bbox 438 2193 486 2261; x_wconf 87' lang='lat' dir='ltr'><strong>jam</strong></span> <span class='ocrx_word' id='word_1_150' title='bbox 492 2196 618 2245; x_wconf 77' lang='lat' dir='ltr'><strong>amborum</strong></span> <span class='ocrx_word' id='word_1_151' title='bbox 625 2197 705 2247; x_wconf 83' lang='lat' dir='ltr'><strong>fuerat</strong></span> <span class='ocrx_word' id='word_1_152' title='bbox 713 2197 836 2247; x_wconf 79' lang='lat' dir='ltr'><strong>consumta</strong></span> <span class='ocrx_word' id='word_1_153' title='bbox 843 2199 953 2265; x_wconf 78' lang='lat' dir='ltr'><strong>voluptas</strong></span> 
     </span>
     <span class='ocr_line' id='line_1_25' title="bbox 220 2267 820 2336; baseline -0.002 -19"><span class='ocrx_word' id='word_1_154' title='bbox 220 2284 252 2332; x_wconf 88' lang='lat'><strong>50</strong></span> <span class='ocrx_word' id='word_1_155' title='bbox 301 2267 418 2319; x_wconf 83' lang='lat' dir='ltr'>Plurimus</span> <span class='ocrx_word' id='word_1_156' title='bbox 425 2269 450 2317; x_wconf 87' lang='lat' dir='ltr'><strong>in</strong></span> <span class='ocrx_word' id='word_1_157' title='bbox 460 2268 517 2319; x_wconf 86' lang='lat' dir='ltr'><strong>lallo</strong></span> <span class='ocrx_word' id='word_1_158' title='bbox 529 2285 634 2335; x_wconf 83' lang='lat' dir='ltr'><strong>corpore</strong></span> <span class='ocrx_word' id='word_1_159' title='bbox 645 2273 747 2336; x_wconf 75' lang='lat' dir='ltr'><strong>languor</strong></span> <span class='ocrx_word' id='word_1_160' title='bbox 757 2282 820 2319; x_wconf 86' lang='lat' dir='ltr'><strong>erat.</strong></span> 
     </span>
     <span class='ocr_line' id='line_1_26' title="bbox 261 2340 940 2404; baseline 0.006 -15"><span class='ocrx_word' id='word_1_161' title='bbox 261 2341 334 2390; x_wconf 90' lang='lat' dir='ltr'><strong>Nunc</strong></span> <span class='ocrx_word' id='word_1_162' title='bbox 342 2342 386 2390; x_wconf 88' lang='lat' dir='ltr'><strong>tibi</strong></span> <span class='ocrx_word' id='word_1_163' title='bbox 401 2342 519 2391; x_wconf 79' lang='lat' dir='ltr'><strong>Sicelides</strong></span> <span class='ocrx_word' id='word_1_164' title='bbox 528 2343 644 2398; x_wconf 82' lang='lat' dir='ltr'><strong>veniunt,</strong></span> <span class='ocrx_word' id='word_1_165' title='bbox 654 2356 719 2390; x_wconf 78' lang='lat' dir='ltr'><strong>nova</strong></span> <span class='ocrx_word' id='word_1_166' title='bbox 730 2340 826 2404; x_wconf 69' lang='lat' dir='ltr'><strong>preda,</strong></span> <span class='ocrx_word' id='word_1_167' title='bbox 838 2344 940 2404; x_wconf 81' lang='lat' dir='ltr'><strong>puellae.</strong></span> 
     </span>
     <span class='ocr_line' id='line_1_27' title="bbox 298 2410 839 2476; baseline 0 -15"><span class='ocrx_word' id='word_1_168' title='bbox 298 2411 364 2476; x_wconf 85' lang='lat' dir='ltr'><strong>Quid</strong></span> <span class='ocrx_word' id='word_1_169' title='bbox 373 2414 429 2463; x_wconf 87' lang='lat' dir='ltr'><strong>mihi</strong></span> <span class='ocrx_word' id='word_1_170' title='bbox 441 2431 494 2464; x_wconf 86' lang='lat' dir='ltr'><strong>curn</strong></span> <span class='ocrx_word' id='word_1_171' title='bbox 504 2413 606 2463; x_wconf 80' lang='lat' dir='ltr'><strong>Lesbo?</strong></span> <span class='ocrx_word' id='word_1_172' title='bbox 617 2412 702 2461; x_wconf 88' lang='lat' dir='ltr'><strong>Sicelis</strong></span> <span class='ocrx_word' id='word_1_173' title='bbox 711 2410 758 2460; x_wconf 82' lang='lat' dir='ltr'><strong>else</strong></span> <span class='ocrx_word' id='word_1_174' title='bbox 770 2412 839 2461; x_wconf 80' lang='lat' dir='ltr'><strong>volo.</strong></span> 
     </span>
     <span class='ocr_line' id='line_1_28' title="bbox 261 2481 825 2543; baseline -0.005 -9"><span class='ocrx_word' id='word_1_175' title='bbox 261 2484 295 2534; x_wconf 76' lang='lat' dir='ltr'><strong>At</strong></span> <span class='ocrx_word' id='word_1_176' title='bbox 304 2502 348 2535; x_wconf 82' lang='lat' dir='ltr'><strong>vos</strong></span> <span class='ocrx_word' id='word_1_177' title='bbox 359 2502 472 2537; x_wconf 85' lang='lat' dir='ltr'><strong>erronem</strong></span> <span class='ocrx_word' id='word_1_178' title='bbox 479 2484 693 2536; x_wconf 80' lang='lat' dir='ltr'><strong>tellureremittite</strong></span> <span class='ocrx_word' id='word_1_179' title='bbox 702 2481 806 2532; x_wconf 82' lang='lat' dir='ltr'><strong>nostrum</strong></span> <span class='ocrx_word' id='word_1_180' title='bbox 816 2516 825 2543; x_wconf 93' lang='lat'>,</span> 
     </span>
     <span class='ocr_line' id='line_1_29' title="bbox 298 2556 788 2622; baseline -0.006 -15"><span class='ocrx_word' id='word_1_181' title='bbox 298 2558 409 2608; x_wconf 82' lang='lat' dir='ltr'><strong>Nisiades</strong></span> <span class='ocrx_word' id='word_1_182' title='bbox 421 2572 523 2616; x_wconf 82' lang='lat' dir='ltr'><strong>matres,</strong></span> <span class='ocrx_word' id='word_1_183' title='bbox 536 2556 696 2622; x_wconf 76' lang='lat' dir='ltr'><strong>Nisiadesque</strong></span> <span class='ocrx_word' id='word_1_184' title='bbox 704 2572 788 2606; x_wconf 83' lang='lat' dir='ltr'><strong>nurus.</strong></span> 
     </span>
     <span class='ocr_line' id='line_1_30' title="bbox 218 2628 862 2699; baseline -0.002 -17"><span class='ocrx_word' id='word_1_185' title='bbox 218 2646 249 2694; x_wconf 84' lang='lat'><strong>55</strong></span> <span class='ocrx_word' id='word_1_186' title='bbox 262 2633 319 2682; x_wconf 88' lang='lat' dir='ltr'><strong>Neu</strong></span> <span class='ocrx_word' id='word_1_187' title='bbox 327 2648 375 2682; x_wconf 85' lang='lat' dir='ltr'><strong>vos</strong></span> <span class='ocrx_word' id='word_1_188' title='bbox 383 2632 507 2699; x_wconf 83' lang='lat' dir='ltr'><strong>decipiant</strong></span> <span class='ocrx_word' id='word_1_189' title='bbox 514 2630 606 2680; x_wconf 73' lang='lat' dir='ltr'><strong>blanda</strong></span> <span class='ocrx_word' id='word_1_190' title='bbox 616 2628 741 2679; x_wconf 83' lang='lat' dir='ltr'><strong>mendacia</strong></span> <span class='ocrx_word' id='word_1_191' title='bbox 751 2631 840 2699; x_wconf 74' lang='lat' dir='ltr'><strong>linguae</strong></span> <span class='ocrx_word' id='word_1_192' title='bbox 853 2648 862 2683; x_wconf 75' lang='lat' dir='ltr'><strong><em>z</em></strong></span> 
     </span>
     <span class='ocr_line' id='line_1_31' title="bbox 299 2702 779 2768; baseline 0.002 -15"><span class='ocrx_word' id='word_1_193' title='bbox 299 2703 361 2768; x_wconf 84' lang='lat' dir='ltr'><strong>Quae</strong></span> <span class='ocrx_word' id='word_1_194' title='bbox 372 2705 429 2755; x_wconf 83' lang='lat' dir='ltr'><strong>dicit</strong></span> <span class='ocrx_word' id='word_1_195' title='bbox 437 2705 522 2761; x_wconf 85' lang='lat' dir='ltr'><strong>vobis,</strong></span> <span class='ocrx_word' id='word_1_196' title='bbox 535 2702 631 2753; x_wconf 82' lang='lat' dir='ltr'><strong>dixerat</strong></span> <span class='ocrx_word' id='word_1_197' title='bbox 640 2715 697 2754; x_wconf 84' lang='lat' dir='ltr'><strong>ante</strong></span> <span class='ocrx_word' id='word_1_198' title='bbox 711 2704 779 2754; x_wconf 83' lang='lat' dir='ltr'><strong>milri.</strong></span> 
     </span>
    </p>
   </div>
   <div class='ocr_carea' id='block_1_3' title="bbox 260 2774 953 2913">
    <p class='ocr_par' dir='ltr' id='par_1_3' title="bbox 260 2774 953 2913">
     <span class='ocr_line' id='line_1_32' title="bbox 260 2774 953 2847; baseline 0.009 -22"><span class='ocrx_word' id='word_1_199' title='bbox 260 2774 300 2826; x_wconf 86' lang='lat' dir='ltr'><strong>Tu</strong></span> <span class='ocrx_word' id='word_1_200' title='bbox 310 2795 407 2845; x_wconf 90' lang='lat' dir='ltr'><strong>quoque</strong></span> <span class='ocrx_word' id='word_1_201' title='bbox 415 2788 570 2845; x_wconf 71' lang='lat' dir='ltr'><strong>quentontes</strong></span> <span class='ocrx_word' id='word_1_202' title='bbox 577 2777 700 2838; x_wconf 82' lang='lat' dir='ltr'><strong>celebras,</strong></span> <span class='ocrx_word' id='word_1_203' title='bbox 709 2777 815 2847; x_wconf 85' lang='lat' dir='ltr'><strong>Erycina</strong></span> <span class='ocrx_word' id='word_1_204' title='bbox 823 2812 830 2837; x_wconf 93' lang='lat'>‚</span> <span class='ocrx_word' id='word_1_205' title='bbox 838 2779 953 2839; x_wconf 81' lang='lat' dir='ltr'><strong>Sicanos,</strong></span> 
     </span>
     <span class='ocr_line' id='line_1_33' title="bbox 297 2851 845 2913; baseline 0.004 -13"><span class='ocrx_word' id='word_1_206' title='bbox 297 2851 359 2900; x_wconf 90' lang='lat' dir='ltr'><strong>Nam</strong></span> <span class='ocrx_word' id='word_1_207' title='bbox 368 2863 410 2901; x_wconf 86' lang='lat' dir='ltr'><strong>tua</strong></span> <span class='ocrx_word' id='word_1_208' title='bbox 419 2852 485 2911; x_wconf 88' lang='lat' dir='ltr'><strong>sum,</strong></span> <span class='ocrx_word' id='word_1_209' title='bbox 501 2853 552 2902; x_wconf 84' lang='lat' dir='ltr'><strong>vati</strong></span> <span class='ocrx_word' id='word_1_210' title='bbox 565 2853 683 2913; x_wconf 83' lang='lat' dir='ltr'><strong>consule,</strong></span> <span class='ocrx_word' id='word_1_211' title='bbox 695 2854 760 2904; x_wconf 76' lang='lat' dir='ltr'><strong>Diva</strong></span> <span class='ocrx_word' id='word_1_212' title='bbox 772 2864 845 2912; x_wconf 64' lang='lat' dir='ltr'><strong>,tuan</strong></span> 
     </span>
    </p>
   </div>
   <div class='ocr_carea' id='block_1_4' title="bbox 218 2921 875 3210">
    <p class='ocr_par' dir='ltr' id='par_1_4' title="bbox 218 2921 875 3210">
     <span class='ocr_line' id='line_1_34' title="bbox 261 2921 875 2993; baseline 0.005 -20"><span class='ocrx_word' id='word_1_213' title='bbox 261 2921 300 2973; x_wconf 77' lang='lat' dir='ltr'><strong>An</strong></span> <span class='ocrx_word' id='word_1_214' title='bbox 312 2924 390 2989; x_wconf 79' lang='lat' dir='ltr'><strong>gravis</strong></span> <span class='ocrx_word' id='word_1_215' title='bbox 402 2924 525 2993; x_wconf 81' lang='lat' dir='ltr'><strong>inceptum</strong></span> <span class='ocrx_word' id='word_1_216' title='bbox 533 2927 628 2993; x_wconf 81' lang='lat' dir='ltr'><strong>peragit</strong></span> <span class='ocrx_word' id='word_1_217' title='bbox 636 2928 732 2977; x_wconf 82' lang='lat' dir='ltr'><strong>fortuna</strong></span> <span class='ocrx_word' id='word_1_218' title='bbox 740 2923 875 2977; x_wconf 71' lang='lat' dir='ltr'><strong>tenorem?</strong></span> 
     </span>
     <span class='ocr_line' id='line_1_35' title="bbox 218 2991 803 3065; baseline 0.01 -24"><span class='ocrx_word' id='word_1_219' title='bbox 218 2991 252 3043; x_wconf 88' lang='lat'><strong>60</strong></span> <span class='ocrx_word' id='word_1_220' title='bbox 300 2994 420 3047; x_wconf 81' lang='lat' dir='ltr'><strong>Etmanes</strong></span> <span class='ocrx_word' id='word_1_221' title='bbox 431 2997 456 3047; x_wconf 91' lang='lat' dir='ltr'><strong>in</strong></span> <span class='ocrx_word' id='word_1_222' title='bbox 465 3000 534 3048; x_wconf 84' lang='lat' dir='ltr'><strong>cursu</strong></span> <span class='ocrx_word' id='word_1_223' title='bbox 544 2999 638 3065; x_wconf 80' lang='lat' dir='ltr'><strong>semper</strong></span> <span class='ocrx_word' id='word_1_224' title='bbox 646 3001 731 3048; x_wconf 87' lang='lat' dir='ltr'><strong>acerba</strong></span> <span class='ocrx_word' id='word_1_225' title='bbox 742 2996 803 3048; x_wconf 75' lang='lat' dir='ltr'><strong>suoi</strong></span> 
     </span>
     <span class='ocr_line' id='line_1_36' title="bbox 261 3067 836 3136; baseline 0.007 -18"><span class='ocrx_word' id='word_1_226' title='bbox 261 3067 311 3118; x_wconf 85' lang='lat' dir='ltr'><strong>Sex</strong></span> <span class='ocrx_word' id='word_1_227' title='bbox 322 3067 380 3116; x_wconf 83' lang='lat' dir='ltr'>mihi</span> <span class='ocrx_word' id='word_1_228' title='bbox 390 3072 482 3120; x_wconf 83' lang='lat' dir='ltr'><strong>natales</strong></span> <span class='ocrx_word' id='word_1_229' title='bbox 490 3071 568 3121; x_wconf 84' lang='lat' dir='ltr'><strong>ierant</strong></span> <span class='ocrx_word' id='word_1_230' title='bbox 577 3104 586 3128; x_wconf 88' lang='lat'>‚</span> <span class='ocrx_word' id='word_1_231' title='bbox 596 3069 651 3134; x_wconf 76' lang='lat' dir='ltr'><strong>cdrn</strong></span> <span class='ocrx_word' id='word_1_232' title='bbox 659 3070 719 3120; x_wconf 76' lang='lat' dir='ltr'><strong>leda</strong></span> <span class='ocrx_word' id='word_1_233' title='bbox 729 3070 836 3136; x_wconf 79' lang='lat' dir='ltr'><strong>parentis</strong></span> 
     </span>
     <span class='ocr_line' id='line_1_37' title="bbox 297 3138 799 3210; baseline 0.012 -21"><span class='ocrx_word' id='word_1_234' title='bbox 297 3138 363 3190; x_wconf 81' lang='lat' dir='ltr'><strong>Ante</strong></span> <span class='ocrx_word' id='word_1_235' title='bbox 375 3139 438 3193; x_wconf 85' lang='lat' dir='ltr'><strong>dien</strong></span> <span class='ocrx_word' id='word_1_236' title='bbox 447 3143 565 3210; x_wconf 74' lang='lat' dir='ltr'><strong>lacrymas</strong></span> <span class='ocrx_word' id='word_1_237' title='bbox 576 3142 625 3194; x_wconf 74' lang='lat' dir='ltr'><strong>olle</strong></span> <span class='ocrx_word' id='word_1_238' title='bbox 630 3142 713 3195; x_wconf 75' lang='lat' dir='ltr'><strong>bibere</strong></span> <span class='ocrx_word' id='word_1_239' title='bbox 723 3158 799 3202; x_wconf 78' lang='lat' dir='ltr'><strong>neas,</strong></span> 
     </span>
    </p>
   </div>
   <div class='ocr_carea' id='block_1_5' title="bbox 0 0 1200 3892">
    <p class='ocr_par' dir='ltr' id='par_1_5' title="bbox 0 0 1200 3892">
     <span class='ocr_line' id='line_1_38' title="bbox 0 0 1200 3892; baseline 0 2"><span class='ocrx_word' id='word_1_240' title='bbox 0 0 1200 3892; x_wconf 95' lang='lat' dir='ltr'><strong> </strong></span> 
     </span>
    </p>
   </div>
  </div>
 </body>
</html>
