2392 3892
236 444 396 512 Lmen
421 443 488 511 III.
516 442 687 507 Erecnr
712 442 794 509 XV.
826 464 897 537 195

178 562 226 615 Da
243 563 356 629 populo,
376 560 406 609 da
420 562 493 610 verba
509 559 565 607 mihi
583 574 590 608 τ
606 559 658 608 sine
675 559 766 610 nescius
783 576 882 623 errem;

222 635 253 686 Er
269 636 343 685 liceat
360 632 429 683 stulti
447 633 591 682 credulitate
610 632 666 682 frui.
908 650 942 703 30

182 707 237 759 Cur
253 707 330 759 toties
348 707 421 756 video
438 705 503 762 ¹mitti
520 705 642 770 recipique
659 703 784 755 tabellas?

222 780 274 831 Cu'r
289 778 380 847 pressus
397 778 463 846 prior
482 777 514 827 est
532 778 681 844 interiorque
697 779 790 829 torus?
846 830 853 846 ‚

184 853 237 904 Cur
255 856 329 920 plus,
350 855 419 919 quam
438 852 539 910 somno,
559 853 669 901 turbatos
685 850 731 901 elle
749 853 849 919 capillos
861 872 887 914 5·

223 926 364 993 Collaque,
383 924 523 990 conspicio,
543 923 622 973 dentis
640 925 730 975 habere
747 927 851 976 notam?

186 997 292 1061 Tantum
308 1015 358 1049 non
374 999 459 1047 oculos
477 997 566 1047 crimen
581 997 680 1047 deducis
697 999 726 1047 ad
744 1000 826 1065 ipsos:
894 1016 940 1067 -35

223 1072 249 1124 Si
265 1072 359 1122 dubitas
378 1071 446 1120 famae
463 1086 581 1136 parcere,
598 1086 671 1136 parce
689 1072 755 1122 mihi.
936 1133 938 1136 Ι

187 1143 260 1195 Mens
277 1146 346 1203 abit,
364 1143 390 1194 &
407 1144 516 1201 morior,
535 1144 631 1209 quoties
648 1144 756 1210 peccasse
773 1145 878 1205 fateris;

223 1217 318 1284 Perque
336 1233 404 1266 meos
423 1229 487 1266 artus
506 1217 590 1282 frigida
610 1230 678 1283 gutta
693 1217 755 1269 fluit.

188 1288 258 1339 Tunc
270 1307 324 1339 amo
337 1306 344 1340 ε
356 1302 415 1340 tunc
427 1289 468 1338 odi
478 1288 560 1337 frustra
572 1321 579 1346 ‚
597 1290 663 1353 quod
673 1307 751 1339 amare
763 1292 857 1342 necesse
869 1292 911 1344 est.

224 1362 294 1411 Tunc
312 1379 378 1429 ego,
398 1362 438 1411 sed
456 1373 556 1418 tecum,
575 1372 683 1409 mortuus
699 1360 745 1411 elle
762 1365 843 1413 velim.
906 1381 940 1426 40

189 1434 229 1483 Nil
246 1436 358 1503 equidem
375 1434 513 1500 inquiram:
531 1450 596 1490 nec,
613 1450 665 1498 quae
680 1434 761 1483 celare
777 1437 890 1501 parabis,

225 1507 357 1575 lnsequm
380 1508 406 1556 ἃ
425 1506 478 1556 salsi
495 1506 598 1557 criminis
615 1505 685 1555 instar
703 1506 759 1576 erit.

190 1580 214 1629 Si
228 1592 309 1631 tamen
326 1580 350 1629 in
368 1579 445 1628 media
462 1579 577 1644 deprensa
594 1579 710 1628 tenebere
726 1579 815 1645 culpi,

223 1654 256 1704 Et
271 1654 362 1703 fuerint
378 1653 454 1702 oculis
471 1654 558 1717 probra
574 1652 676 1701 videnda
692 1652 771 1711 meis3

191 1723 251 1791 Quae
266 1728 330 1776 bene
347 1724 394 1775 visa
411 1726 472 1774 mihi.
483 1724 592 1784 fuerint,
606 1726 674 1774 doene
692 1725 742 1774 visa
758 1737 868 1796 negato:
907 1741 940 1791 45

225 1793 371 1849 Concedent
386 1799 467 1848 verbis
483 1799 571 1848 lumina
589 1797 669 1848 nostra
685 1792 742 1848 iuis.

190 1868 265 1921 Prona
281 1873 325 1924 tibi
340 1871 404 1921 vinci
420 1870 557 1937 cupientem
573 1871 672 1922 vincere
686 1872 764 1938 palma
782 1871 825 1926 eu.

223 1944 259 1995 Sit
274 1942 364 2004 modd,
383 1945 440 1993 Non
456 1945 522 2005 feci,
543 1944 625 1996 dicere
640 1946 721 2014 lingua
736 1962 840 1999 memor.

191 2014 249 2066 Ciam
265 2019 309 2069 tibi
325 2019 449 2083 contingat
464 2019 545 2067 verbis
562 2019 675 2083 superare
691 2020 806 2078 duobus;
848 2017 852 2023 ’

223 2089 255 2141 Et
271 2091 292 2141 si
308 2108 358 2142 non
375 2090 466 2150 causi,
483 2089 565 2157 judice
583 2091 655 2140 vince
671 2103 727 2142 tuo.
908 2106 941 2155 5o

221 2179 869 2270 agmffiaeauss--o

348 2317 603 2384 ELEG'IA
642 2314 735 2379 XV.

264 2492 352 2529 uuae
363 2496 452 2529 novum
462 2492 558 2537 vatem,
569 2490 711 2530 tenerorum
722 2486 799 2525 mater
809 2472 942 2525 Amorum:

260 2552 363 2601 Raditur
377 2553 416 2601 hic
432 2554 512 2620 Elegis
528 2552 611 2602 ultima
628 2564 692 2601 meta
708 2550 789 2607 meis;

190 2622 258 2687 Quos
277 2640 325 2689 ego
342 2626 480 2688 composui,
496 2625 588 2691 Peligni
604 2625 665 2673 turis
680 2624 809 2671 alumnus:

223 2698 279 2746 Nec
296 2710 335 2742 me
354 2695 447 2743 deliciae
464 2697 601 2745 dedecuere
618 2711 688 2743 meae.

189 2767 279 2835 Siquid
291 2768 314 2817 id
325 2765 358 2816 est
369 2799 377 2824 ,
393 2783 468 2831 usque
479 2783 492 2814 a
503 2768 599 2832 proavis
609 2779 680 2815 vetus
691 2762 781 2814 ordinis
790 2761 862 2811 heres
873 2792 881 2819 ,
908 2775 921 2823 5

224 2843 282 2908 Non
298 2840 373 2891 modd
389 2839 477 2888 militie
492 2840 588 2887 turbine
603 2837 677 2886 fadus
694 2850 780 2901 eques.

189 2913 291 2964 Mantua
305 2914 410 2981 Virgilio
426 2912 535 2980 gaudet,
554 2912 656 2961 Verona
672 2907 770 2959 Catullo
782 2921 793 2965 ς

225 2985 329 3054 Pelignae
346 2988 411 3037 dicar
424 2986 500 3053 gloria
517 2984 596 3052 gentis
610 2998 676 3049 ego:

191 3058 271 3123 Quam
288 3061 327 3109 sua
342 3061 439 3112 libertas
455 3060 485 3109 ad
502 3057 600 3108 honesta
617 3058 732 3124 coe'gerat
748 3055 831 3113 armai

227 3129 289 3181 Ciam
307 3132 383 3185 timuit
398 3135 473 3185 socias
487 3133 555 3183 anxia
572 3131 650 3182 Roma
667 3145 760 3183 manus.
809 3197 849 3249 1·'
908 3141 940 3177 10

834 3218 849 3263 ¹]
