2392 3892
283 410 356 505 3¹⁶
382 411 456 476 Ar>
484 409 580 479 L1r.
606 408 720 478 Avo.
748 410 939 489 consor.

280 528 329 578 Sed
345 526 447 594 rigidum
461 525 500 591 jus
514 526 548 577 est
564 528 590 578 dc
605 528 743 578 inevitabile
759 529 851 581 Mortis
864 521 881 583 t¹
921 526 936 531 ”
1057 531 1060 572 ἶ

315 600 386 649 Stant
399 611 468 659 rata,
484 617 533 650 non
547 601 594 651 ulid
609 600 648 651 fila
662 595 769 652 tenenda
783 620 867 656 manu.

215 686 266 736 445
280 673 334 739 lpse
349 672 393 723 tibi
408 671 501 724 emilius
514 674 626 724 nebulosi
638 676 711 725 litote
726 675 837 733 Averni,

316 746 342 796 Si
356 747 447 805 liceat,
461 745 523 797 sorti
538 749 614 797 verba
627 760 667 797 tot
680 764 722 797 ore
737 749 818 799 sonet.

279 819 346 884 Quid
357 835 467 869 numerat
480 836 555 871 annos
570 819 581 869 i
594 822 644 870 vixi
658 822 773 872 maturior
786 824 867 875 annis.
897 852 900 856 -

316 892 376 942 Asia
388 891 467 942 senem
480 892 572 943 saciunt
585 909 592 943 ι
605 894 656 944 haec
671 896 818 945 numeranda
828 898 882 948 tibi.

277 965 325 1016 His
340 982 417 1015 avum
433 965 480 1015 suit
493 966 658 1037 implendum,
675 984 723 1017 non
737 968 849 1035 segnibus
865 972 942 1023 annis.

213 1056 267 1103 450
315 1037 429 1089 Hostibus
445 1040 541 1089 eveniat
552 1041 624 1107 longa
638 1040 731 1090 senesia
744 1042 815 1092 meis.
1055 987 1060 1202 '

277 1112 333 1162 Hoc
350 1111 414 1160 atavi
430 1127 546 1161 monuere
563 1114 630 1171 mei,
645 1113 777 1180 proavique
792 1116 916 1167 Nerones.

312 1184 447 1251 fregerunt
461 1186 531 1233 ambo
548 1184 638 1235 Punica
652 1186 715 1235 bella
730 1186 815 1238 duces.

265 1258 333 1307 'Hoc
344 1255 428 1307 d'omus
442 1256 483 1305 isla
494 1258 569 1308 docet
579 1292 587 1317 ,
597 1270 677 1324 perte
687 1275 757 1314 mea,
773 1259 873 1310 Caesaris
886 1260 939 1313 alti.
1056 1243 1062 1358 ι

313 1330 397 1380 Exitus
412 1331 468 1390 hic,
484 1344 579 1392 mater,
595 1332 677 1381 debuit
693 1331 740 1383 esse
754 1349 832 1384 meus.

212 1420 229 1465 4
231 1422 245 1470 5
251 1420 262 1468 5
275 1406 329 1454 Nec
340 1404 431 1454 metitis
440 1438 447 1462 ,
456 1422 596 1471 quamquam
605 1406 645 1454 illa
653 1404 738 1471 juvant
747 1407 837 1473 magis,
848 1406 924 1456 abluit
931 1407 981 1466 illis,

313 1477 413 1535 Mater,
424 1478 503 1527 honos
515 1495 522 1529 ε
534 1479 609 1528 titulis
620 1478 717 1527 nomina
727 1479 798 1544 plena
812 1480 889 1530 vides.
1005 1475 1007 1479 ’

274 1550 382 1609 Consul,
393 1549 424 1599 ²&
436 1551 513 1618 ignoti
527 1552 604 1602 vilior
618 1550 777 1601 Germanicus
792 1552 875 1611 orbis,
1063 1553 1064 1598 i

254 1649 257 1654 ·
311 1622 376 1687 (Cui
391 1623 436 1673 suit
451 1626 498 1673 heu
515 1624 521 1673 !
540 1624 623 1675 mortis
638 1625 732 1690 publica
747 1625 834 1693 causa)
849 1627 930 1692 logor.
1061 1611 1064 1708 l

274 1696 366 1763 Cingot
380 1695 511 1762 Apollinea
524 1696 631 1747 vidricia
645 1710 754 1763 tempora
769 1698 856 1756 lauto,

209 1771 262 1833 460
309 1770 340 1820 Et
352 1770 414 1820 sensi
430 1770 553 1837 exsequias
566 1771 656 1821 funeris
672 1770 721 1836 ipse
733 1769 791 1819 mei.

271 1841 444 1909 Dectnsusque
459 1844 535 1893 virium
550 1856 623 1893 notos
637 1843 711 1899 mihi,
728 1842 841 1907 donaque
852 1842 960 1911 Regum.

308 1914 448 1980 Cunstaque
463 1932 507 1980 per
521 1916 605 1964 titulos
620 1916 708 1980 oppida
722 1914 783 1963 lesia
797 1914 864 1965 suos.

270 1989 302 2039 Et
317 2005 365 2055 quo
381 2005 420 2038 me
435 1986 515 2037 officio
530 1989 664 2054 portaverit
678 1988 717 2036 illa
732 1988 864 2052 juventus,

307 2062 370 2125 Quae
385 2063 431 2113 suit
448 2074 504 2112 ante
519 2078 600 2111 meum
614 2074 663 2110 tam
678 2060 793 2127 generosa
808 2074 903 2112 torum.

205 2136 240 2199 46
246 2152 256 2200 5
270 2136 384 2201 Denique
398 2136 489 2186 laudari
506 2135 598 2185 sacrato
615 2134 713 2184 Caesaris
728 2150 772 2184 ore

306 2208 419 2267 Emerui,
435 2209 552 2274 lacrymas
569 2207 689 2272 alicuique
704 2207 771 2256 Deo.

269 2282 300 2332 Et
316 2282 425 2348 cuiquam
444 2281 588 2331 miserandus
605 2280 673 2329 ero?
689 2278 736 2344 jam
752 2277 884 2345 comprime
900 2279 982 2331 fletus.

306 2355 361 2404 Hoc
375 2371 440 2423 ego,
457 2354 497 2421 qui
511 2353 584 2403 slendi
597 2352 646 2402 sum
660 2353 704 2402 tibi
719 2352 803 2409 causa,
818 2369 891 2419 rogo.

268 2428 330 2477 Haec
343 2427 413 2477 sentit
421 2428 531 2486 Drusus,
548 2429 569 2476 si
585 2426 640 2491 quid
655 2421 728 2475 modd
743 2425 813 2474 sentit
825 2427 850 2473 in
864 2423 964 2475 umbria

203 2519 256 2567 470
306 2502 359 2549 Nec
374 2512 401 2549 tu
418 2500 447 2548 de
463 2513 531 2548 tanto
548 2499 621 2548 crede
636 2498 726 2546 minora
741 2499 804 2546 viro.

266 2574 305 2623 Est
319 2572 379 2631 tibi,
392 2573 470 2639 sitque
482 2588 570 2639 precor
581 2606 587 2631 ,
600 2572 730 2620 multorum
741 2569 803 2621 silius
815 2570 887 2620 instar
899 2586 907 2620 τ

303 2647 408 2713 Parsque
422 2648 459 2697 tui
473 2645 553 2713 partius
571 2646 603 2696 sit
617 2644 661 2695 tibi
676 2646 737 2694 salva
752 2645 827 2711 prior.

266 2720 305 2771 Est
322 2720 412 2786 conjux
424 2722 519 2780 ‚tutela
533 2720 675 2769 hominum:
689 2735 738 2785 quo
752 2717 839 2784 sospite
850 2716 979 2777 ‚vestram

302 2794 386 2854 Liuia,
405 2795 519 2848 funestam
535 2794 640 2843 dedecet
654 2791 702 2842 else
718 2792 823 2843 domum.

509 2958 668 3123 aare
