2392 3892
263 436 424 510 Lruuu
450 436 482 508 1.
505 437 703 508 Euam
730 439 806 511 IX.
847 457 919 535 133
1003 425 1009 437 “

223 554 319 607 Munera
334 555 457 624 praecipue
471 557 572 616 videat,
590 574 644 624 quae
659 556 748 608 miserit
763 561 833 620 aiter.

253 630 278 679 si
293 630 337 679 tibi
353 631 385 680 nil
402 630 515 689 dederit,
533 631 607 680 Sacra
622 631 730 697 roganda
744 631 782 680 via
797 632 840 683 est.
934 646 986 681 100

222 699 277 751 Cim
292 704 368 753 multa
384 703 525 762 abstuleris,
546 716 574 753 ut
591 720 642 753 non
656 716 737 753 tamen
751 706 830 754 omnia
846 705 947 763 demas,

249 774 326 838 Quod
342 791 470 842 numquam
484 776 590 833 reddas,
609 777 748 826 commodet
763 793 840 842 usque
854 793 922 843 roga.

219 845 306 915 Lingua
316 846 407 914 juvet,
425 862 580 913 mentemque
590 859 658 914 tegat
670 864 678 898 ε
689 850 798 920 blandire
809 866 918 917 neceque
930 865 938 899 t

248 921 326 986 Impia
342 920 384 971 sub
401 920 467 969 dulci
480 920 552 970 melle
566 936 661 969 uenena
675 922 761 971 latent.

219 991 274 1044 Hac
290 994 312 1044 si
328 992 468 1059 praesiiteris
482 992 524 1043 usu
538 992 595 1042 nu'hi
611 994 708 1060 cognita
722 995 817 1062 longo,
936 1005 984 1057 105

246 1067 306 1116 Nec
324 1065 425 1115 tulerint
438 1081 513 1116 voces
529 1078 617 1138 ventus
634 1066 660 1116 δι
675 1084 733 1118 aura
750 1084 837 1127 mem
896 1111 898 1118 .

218 1137 283 1205 Saepe
299 1138 357 1187 mihi
372 1138 438 1189 dices
450 1139 512 1190 vivae
527 1140 591 1192 bene
608 1139 692 1205 tsaepe
706 1142 824 1208 rogabis,

231 1227 235 1237 ·
249 1212 287 1261 Ut
302 1226 363 1262 mea.
374 1210 492 1266 defundiae
507 1212 614 1263 molliter
631 1212 679 1263 ossa
693 1215 793 1266 cubent.

217 1281 273 1336 Vox
287 1300 341 1337 erat
356 1284 382 1334 in
398 1284 485 1343 cursu,
505 1283 560 1336 crim
575 1301 615 1334 me
630 1301 683 1334 mea
698 1288 805 1351 prodidit
818 1283 922 1339 umbra:

250 1358 284 1407 At
298 1356 385 1410 nostrae
400 1356 442 1405 vix
457 1356 481 1407 se
496 1357 641 1408 continuere
657 1374 759 1416 manus,
935 1374 986 1410 110

218 1428 281 1494 Quin
296 1431 375 1480 albam
392 1446 517 1495 raramque
531 1446 646 1489 comam,
666 1430 847 1497 lacrymosaque
861 1431 918 1482 uino

250 1502 369 1561 Lumina,
388 1502 488 1570 rugosas
504 1502 711 1569 distraherentque
725 1519 809 1570 genae.

217 1572 250 1625 Di
262 1576 305 1626 tibi
321 1576 380 1632 dent
394 1577 521 1643 nullosque
538 1576 623 1634 lares,
642 1576 789 1642 inopemque
803 1574 940 1636 senefiam,

248 1648 281 1699 Et
297 1649 382 1717 longas
398 1648 512 1707 hiemes,
529 1661 721 1717 perpetuamque
738 1649 814 1704 sitin.

245 1755 892 1830 e====÷2k=³==e

374 1839 629 1945 ntuetr
683 1880 806 1962 rx.¹

218 1976 298 2095 M
306 2055 416 2093 rutrnr
427 2042 504 2093 omnis
514 2058 609 2100 amans,
623 2041 648 2092 δι
658 2043 733 2092 habet
743 2040 784 2091 sua
794 2038 868 2089 castra
877 2035 986 2104 Cupido.

248 2116 351 2175 Attice,
372 2116 445 2165 crede
460 2116 516 2163 mihi
533 2132 540 2164 r
557 2116 642 2163 militat
657 2114 734 2162 omnis
750 2128 840 2161 amans.

219 2184 275 2251 Quae
286 2190 354 2239 bello
367 2187 400 2236 est
410 2187 512 2242 habilis,
524 2185 621 2236 Veneri
631 2200 728 2249 quoque
739 2182 870 2239 convenit,
880 2192 949 2232 aetat.

248 2262 333 2331 Turpe
349 2260 423 2310 senex
437 2258 524 2316 miles,
542 2268 614 2324 turpe
628 2255 708 2305 senilis
725 2269 802 2305 amor.

218 2330 284 2397 Quos
296 2334 394 2403 petiere
412 2332 487 2381 duces
504 2346 581 2381 annos
597 2330 623 2380 in
639 2328 715 2379 misire
731 2327 810 2385 sorti,
933 2338 948 2390 5

249 2408 302 2457 Hos
319 2408 382 2473 petit
394 2407 419 2456 in
437 2405 503 2456 socio
518 2405 583 2455 bella
597 2403 679 2471 puelia
691 2412 761 2454 toro.

216 2476 360 2547 Pervigilant
373 2481 444 2530 ambo
460 2496 467 2530 r
482 2476 550 2530 terri
563 2476 694 2544 requiescit
708 2486 831 2545 uterque:

248 2554 294 2604 llle
311 2554 377 2603 sores
395 2553 497 2604 dominae
513 2552 613 2610 servat,
632 2562 658 2600 at
671 2543 712 2599 isse
728 2548 805 2599 due'ie.

214 2622 298 2678 Militis
315 2624 419 2676 officium
434 2627 507 2695 longa
523 2626 557 2676 est
573 2626 613 2676 via
627 2641 636 2676 r
651 2623 721 2673 mitte
737 2622 863 2688 pueliam
912 2637 914 2642 ·

249 2700 387 2756 Strenuus,
404 2712 502 2750 exemto
517 2697 585 2768 sine,
604 2698 719 2763 sequetur
732 2701 823 2743 amant.
935 2702 970 2742 to

214 2769 258 2821 lbit
273 2772 298 2822 in
313 2769 427 2822 adversos
440 2785 555 2830 montes,
574 2772 743 2838 duplicataque
761 2765 843 2815 nimbo

249 2845 377 2902 Flumina3
396 2843 519 2911 congestas
537 2856 632 2896 exteret
646 2844 688 2894 ille
705 2840 785 2891 nives.

213 2916 285 2977 Nec,
303 2919 366 2969 sreta
382 2916 520 2982 pressurus,
536 2916 641 2968 tumidos
656 2913 791 2966 causabitur
806 2910 905 2972 Euros3

250 2990 360 3057 Aptaque
377 2989 503 3041 verrendis
519 2988 598 3038 sidera
612 3001 704 3055 qureret
720 2986 797 3052 aquis.

213 3060 277 3135 Quis
289 3096 296 3120 ‚
307 3064 351 3113 nisi
361 3065 401 3114 vel
412 3066 480 3113 miles
493 3096 500 3122 ,
513 3062 554 3111 vel
564 3062 663 3120 amans',
676 3062 702 3110 δι
712 3061 803 3127 frigora
813 3057 889 3111 nodis
901 3092 909 3119 ,
933 3071 944 3108 1
949 3073 962 3122 ς

250 3134 282 3188 Et
296 3137 367 3189 denso
383 3138 468 3190 mixtas
484 3136 594 3206 perferet
609 3136 684 3186 imbre
701 3130 791 3186 niues?
