2392 3892
266 461 319 533 74
366 439 408 506 P.
439 437 622 506 Orrnrr
652 438 885 510 anoms

277 559 389 613 Interea,
400 555 474 605 eredo
484 586 492 611 ,
502 555 579 605 versis
588 553 619 604 ad
627 553 743 620 prospera
751 555 811 606 fatis
822 590 832 616 ‚

222 649 258 702 90
304 629 394 696 Regius
404 627 521 696 agnoscor
530 636 635 693 perrara
645 627 713 694 signa
724 644 801 694 puer.

268 703 334 755 Laeta
346 703 431 752 domus
441 712 499 750 nato
507 699 559 767 post
568 713 677 766 tempora
688 701 763 767 longa
773 714 887 769 recepto
896 714 906 758 t

305 774 380 826 Addit
391 774 457 828 &ad
468 772 539 823 festos
548 775 612 823 hunc
624 789 721 840 quoque
730 773 814 841 Troja
825 778 903 828 diem.

268 851 353 915 thue
362 864 410 916 ego
419 859 444 896 te
454 846 542 913 cupio,
556 847 590 896 sic
602 863 640 895 me
651 847 753 911 cupiere
762 851 860 913 puellae
875 865 885 903 s
971 906 973 909 ¹

261 947 264 954 ·
306 922 439 972 Multarum
446 932 532 969 votum
543 919 593 970 sola
599 932 685 969 tenere
697 931 781 985 potes.

224 1012 241 1066 9
247 1013 258 1063 5
268 997 322 1047 Nec
331 992 422 1044 tannim
431 1009 516 1060 regum
524 1005 586 1044 natae
596 993 690 1059 petiere
701 991 848 1061 ducumque
857 1012 869 1055 ς
938 1006 941 1013 ·

308 1068 357 1118 Sed
367 1066 485 1134 Nymphis
494 1066 566 1116 etiam
578 1078 682 1131 curaque
694 1080 817 1133 amorque
830 1069 879 1119 fui.

271 1141 306 1193 At
315 1141 372 1189 mihi
381 1138 515 1189 cundiarum
525 1140 627 1188 subeunt
637 1137 742 1197 fastidia,
752 1138 890 1207 postquam

310 1210 425 1278 Coniugii
438 1210 491 1276 spes
501 1210 551 1270 est,
562 1211 691 1278 Tyndari,
702 1210 765 1260 india
776 1213 828 1264 tui.

271 1286 310 1335 Te
320 1285 421 1352 vigilans
430 1284 521 1345 oculis,
532 1285 613 1334 animo
622 1296 647 1334 te
659 1282 730 1334 noste
740 1283 864 1336 videbam
874 1320 884 1348 ,

213 1378 264 1417 100
312 1358 412 1409 Lumina
423 1354 476 1407 etim
486 1359 582 1423 placido
591 1357 652 1407 vista
659 1356 746 1424 sopore
755 1355 860 1423 jacent.

274 1432 342 1498 Quid
355 1432 430 1482 facies
438 1431 558 1498 praesens,
572 1447 625 1496 quae
640 1430 748 1480 nondum
756 1429 809 1481 nisa
822 1429 963 1500 placebas?

311 1506 450 1563 Ardebam,
462 1504 568 1570 quamvis
578 1503 633 1552 hinc
645 1503 731 1569 procui
745 1503 811 1570 ignis
822 1518 892 1559 erat.

275 1581 330 1629 Nec
339 1578 409 1644 potui
420 1577 511 1627 debere
521 1576 579 1626 mihi
590 1576 655 1642 spent
663 1573 759 1643 longitis
769 1575 843 1628 istam
853 1612 863 1641 ,

312 1649 424 1700 Caerulei
433 1661 542 1714 peterem
552 1650 609 1716 quin
617 1665 670 1698 mea
678 1660 737 1699 vota
746 1648 801 1702 vii.

217 1738 265 1790 105
276 1723 357 1775 Troia
366 1722 492 1773 caeduntur
502 1721 606 1791 Phrygii
614 1722 696 1788 pineta
705 1721 802 1782 securi,
911 1738 913 1742 ·

315 1796 427 1862 Quaeque
438 1807 491 1845 erat
501 1795 620 1862 aequoreis
629 1794 694 1844 utilis
702 1795 776 1845 arbor
784 1795 861 1863 aquis
872 1814 883 1853 g

277 1869 360 1922 Ardua
371 1869 479 1934 proceris
489 1868 621 1934 spoliantur
631 1867 739 1936 Gargara
748 1867 819 1920 silvis
832 1904 842 1930 ,

315 1942 502 2005 Innumerasque
515 1941 571 1989 mihi
585 1942 658 2008 longa
667 1941 708 1990 dat
718 1939 762 1990 ida
772 1943 876 2004 trabes.

279 2013 416 2067 Fundatura
426 2013 485 2063 citas
495 2012 623 2064 deduntur
632 2014 720 2063 robora
729 2030 806 2065 naves
816 2031 826 2068 t

220 2105 271 2144 110
318 2087 422 2138 Texitur
433 2086 458 2138 δι
470 2085 539 2136 costis
548 2086 626 2152 panda
636 2086 715 2136 carina
724 2086 783 2138 suis.

280 2161 398 2213 Addimus
407 2172 522 2209 antennas
534 2192 542 2219 ,
555 2161 581 2209 δι
591 2160 646 2208 vela
656 2159 781 2225 sequentia
787 2163 873 2214 malos
885 2179 894 2216 t

317 2234 415 2300 Accipit
428 2234 452 2284 dt
466 2233 541 2299 priios
553 2233 638 2300 puppis
648 2232 740 2282 adunca
751 2233 838 2284 Deos.

283 2307 341 2372 Qui
355 2319 435 2356 tamen
446 2307 494 2371 ipse
504 2307 582 2355 vehor
593 2339 601 2364 ‚
612 2305 727 2355 comitata
736 2304 867 2373 Cupidine
878 2326 968 2377 parvo.

320 2378 426 2444 Sponsor
438 2376 545 2446 conjugii
556 2378 599 2428 {iat
613 2378 669 2428 Dea
678 2377 740 2445 pieta
749 2378 796 2431 sui.

224 2467 273 2517 115
285 2452 400 2518 Imposita
410 2451 443 2500 est
453 2451 519 2500 fauae
529 2451 653 2518 postquam
661 2468 744 2502 manus
754 2453 844 2504 ultima
855 2457 943 2517 classi,

321 2523 433 2574 Protinus
442 2521 532 2591 AEgaeis
543 2525 578 2574 ire
589 2523 691 2589 jubebar
699 2525 778 2591 aquis.

286 2599 319 2649 Et
332 2607 401 2665 pater
416 2596 441 2646 ὅ(
452 2596 555 2664 genitrix
565 2598 675 2647 inhibent
683 2614 736 2648 mea
744 2610 806 2649 vota
814 2603 932 2670 rogando
939 2617 950 2665 5

323 2669 524 2736 Propositumque
534 2669 572 2736 pii
581 2687 644 2720 voce
653 2684 779 2722 morantur
789 2672 851 2724 iter.

287 2745 320 2796 Et
329 2744 397 2795 soror
406 2741 486 2794 effusis
496 2776 503 2801 ,
513 2755 540 2793 ut
549 2756 615 2802 erat,
630 2743 758 2794 Cassandra
770 2748 871 2813 capillis
881 2783 891 2809 ,

229 2831 279 2869 120
327 2815 388 2866 Ctim
397 2818 489 2867 vellent
499 2816 583 2868 nostrae
592 2815 639 2883 jam
648 2817 704 2868 dare
713 2818 870 2880 velarates;
946 2822 952 2835 ⁸

291 2887 348 2955 Qud
358 2891 408 2940 ruis
421 2887 431 2938 i
443 2891 577 2950 exclamat3
588 2890 680 2940 referes
691 2890 803 2942 incendia
813 2905 913 2946 tecum.

328 2961 425 3025 Quanta
435 2978 478 3028 per
487 2963 529 3014 has
542 2998 549 3022 ,
560 2964 637 3013 nescis
648 2997 655 3022 ,
667 2964 759 3013 flamma
770 2977 875 3029 petatur
886 2986 968 3040 aquas.

289 3035 358 3089 Vera
369 3034 414 3084 fuit
423 3045 491 3084 vates
502 3051 509 3086 τ
520 3037 594 3086 didos
605 3036 737 3086 invenimus
746 3036 817 3104 ignes
828 3056 838 3098 ς

336 3106 369 3193 Et
378 3106 443 3160 ferus
452 3107 477 3160 in
485 3111 551 3163 molli
559 3109 659 3178 pedore
670 3109 755 3180 flagrat
765 3127 849 3170 arnor.
