2392 3892
182 523 642 595 lsuoio'ss.E1>.VI.
716 543 766 619 27

182 660 212 691 im
220 643 303 709 peperi
315 658 322 692 :
333 654 428 708 gratare
436 642 552 691 ambobus
562 676 569 700 ,
581 644 667 696 lason:

193 716 249 764 mihi
265 716 369 783 gravidae
385 715 478 765 fecerat
492 715 575 766 auslor
592 734 663 767 onus.
780 731 830 768 120

183 805 269 839 iumero
282 804 378 856 quoque
387 788 455 846 sumt
467 789 610 855 prolemque
619 791 748 859 gemellam

183 862 300 911 aLuctnt
313 862 367 910 bina
383 861 482 911 favente
500 861 565 913 dedi.

189 968 198 993 ,
212 935 252 985 cui
260 935 309 984 sint
322 934 410 985 similes
420 951 429 992 ς
439 936 591 1002 cognosceris
601 937 657 989 illis.

183 1026 187 1057 ε
202 1024 252 1057 non
267 1019 372 1056 norunt:
387 1019 466 1057 cetera
475 1010 546 1073 patris
555 1011 656 1061 habent.

183 1097 234 1147 quos
249 1096 317 1145 paene
327 1078 382 1130 dedi
397 1096 441 1146 pro
455 1094 529 1132 matre
545 1083 682 1137 ferendos:
777 1101 812 1142 ιι
817 1104 829 1155 5

183 1153 238 1203 *nuit
252 1165 341 1218 coeptes
357 1153 418 1205 saeva
430 1171 535 1206 noverca
550 1158 612 1207 vias.

191 1226 257 1277 timui
274 1228 348 1292 :plus
364 1227 493 1278 estMedsa
502 1232 619 1280 novercis.

183 1318 191 1351 t
200 1299 291 1350 facium
300 1300 331 1349 ad
342 1300 418 1351 scelus
428 1318 500 1350 omne
509 1317 601 1351 manus.

186 1391 238 1439 quae
252 1374 331 1423 statiis
345 1374 425 1437 potuit
436 1375 523 1421 laniata
536 1390 580 1436 per
595 1392 666 1441 agros

183 1464 221 1504 ra,
237 1445 379 1511 pignoribus
394 1456 507 1508 parceret
521 1444 561 1492 illa
575 1446 657 1494 meis?
773 1471 829 1523 ¹3⁰

184 1536 218 1568 ,en
229 1553 236 1576 ,
248 1517 263 1567 ὂ
274 1518 371 1567 demens
382 1549 389 1573 ‚
403 1516 548 1583 Colchisque
560 1517 639 1567 ablate
649 1518 765 1580 venenis,

184 1611 187 1640 ;
198 1582 337 1659 Hypsipylae
346 1590 496 1656 praeposuiffe
507 1604 574 1640 toro.

183 1668 224 1716 illa
237 1666 314 1715 virum
324 1664 440 1731 cognovit
449 1664 558 1713 adultera
568 1664 637 1731 virgo
648 1680 656 1715 t

185 1741 212 1796 i,
231 1752 306 1805 teque
324 1738 382 1786 mihi
393 1737 456 1786 taedu
473 1737 559 1802 pudica
575 1738 650 1787 dedit.

184 1814 214 1861 lla
222 1825 329 1877 patrem,
341 1811 408 1875 rapui
419 1811 449 1859 <le
459 1812 526 1860 caede
537 1812 651 1861 Thoanta
662 1828 670 1862 t
776 1835 806 1889 13
814 1834 828 1885 5

184 1886 206 1935 it
218 1885 343 1942 Colchos,
359 1900 396 1933 me
410 1900 463 1933 mea
480 1884 585 1934 Lemnos
597 1886 681 1937 habet.

184 1972 229 2016 ert,
240 1958 357 2007 scelerata
369 1958 431 2024 piam
441 1957 461 2007 si
473 1958 566 2016 vincit,
585 1959 611 2009 ὅ(
629 1959 680 2026 ipso

184 2048 196 2080 e
206 2031 288 2081 dotata
299 2030 348 2089 esl,
366 2030 515 2097 emeruitque
526 2033 604 2081 virum
617 2030 627 2080 ἓ

185 2122 209 2153 m
225 2104 316 2154 facinus
332 2105 421 2169 culpo,
438 2121 487 2154 non
500 2106 594 2163 miror,
610 2106 688 2156 lason.

187 2179 230 2227 bet
241 2178 306 2226 iratis
323 2177 371 2242 ipse
389 2177 429 2227 dat
440 2194 505 2226 arma
522 2179 601 2227 dolor.
774 2191 826 2241 140

191 2251 212 2301 si
225 2252 323 2308 ventis,
341 2262 368 2298 ut
384 2251 509 2314 oportuit,
526 2251 589 2299 usius
604 2249 691 2314 iniquis

187 2341 197 2374 s
207 2336 308 2390 portus,
324 2334 399 2387 tuque
408 2321 536 2385 comesque
546 2354 553 2378 ,
565 2336 633 2369 meos
644 2337 652 2371 t

194 2396 305 2451 emissem,
324 2394 376 2445 setu
393 2393 505 2442 comitata
521 2394 643 2460 gemello:

184 2488 208 2521 re
221 2486 308 2535 nempe
320 2468 363 2517 tibi
378 2481 442 2518 terra
451 2468 557 2534 roganda
566 2467 652 2534 soret)

185 2561 197 2593 u
215 2555 303 2599 natos,
317 2559 365 2608 quo
381 2558 437 2598 me,
454 2540 585 2598 scelerate,
603 2539 724 2593 videres?
773 2557 822 2609 145

185 2635 197 2666 e
214 2617 315 2681 pretio,
335 2633 381 2682 qua
395 2631 457 2664 nece
475 2614 559 2681 dignus
572 2613 649 2663 eras?

184 2705 279 2753 emper
297 2705 335 2738 me
351 2701 419 2739 tutus
437 2687 563 2754 sospesque
581 2687 659 2739 fuisses
676 2705 685 2740 s

185 2763 218 2811 iia
232 2773 259 2809 tu
279 2761 377 2827 dignus,
392 2762 433 2811 sed
445 2761 499 2826 quia
515 2762 577 2810 mitis
591 2778 648 2828 ego·

186 2836 210 2884 sa
221 2850 288 2882 meos
304 2834 429 2899 implessem
444 2836 555 2902 sanguine
569 2837 650 2883 vultus
664 2864 673 2893 ‚

185 2925 206 2957 ie
221 2904 344 2955 veneficiis
358 2906 450 2956 abstulit
463 2909 504 2957 illa
522 2909 576 2957 suis.
770 2915 822 2969 150

185 2981 256 3031 ledsa
268 2979 346 3028 forem
358 2977 363 3026 !
376 2979 441 3044 quod
455 2980 473 3029 si
488 2982 543 3047 quid
555 2982 583 3030 ab
597 2981 648 3029 alto

185 3055 241 3103 ades
256 3054 334 3111 votis,
352 3052 476 3118 luppiter,
491 3054 539 3119 ipse
553 3054 628 3110 meist

185 3128 213 3176 iit
224 3127 358 3194 Hypsipyle
369 3160 376 3182 ,
389 3127 444 3175 letti
459 3143 555 3191 quoque
566 3126 671 3175 subnulta
685 3121 758 3177 noslri

185 3217 205 3259 :,
221 3200 247 3252 δι
265 3202 330 3269 leges
343 3200 432 3252 sanciat
448 3199 498 3268 iPs²
513 3200 573 3250 sm·
588 3267 636 3324 B..

620 3285 638 3338 ¹l
