2392 3892
280 376 284 383 ¹
324 414 399 490 312
425 391 493 461 AD
522 392 693 462 erm
717 392 971 468 Avcvsrm

324 512 392 576 Quid
406 511 510 561 reseram
528 510 558 559 de
572 522 618 568 te,
638 510 773 577 dignissima
787 512 894 581 conjuge
910 517 1014 580 Druso,

262 604 316 658 300
361 584 446 651 Atque
461 583 546 633 eadem
561 584 637 633 Drusi
654 585 723 650 digua
740 598 842 649 parente
859 588 959 639 nurus?

326 657 373 710 Par
387 658 450 706 bene
466 657 648 721 compositum:
664 655 779 721 juvenum
794 657 942 714 fortissimus
958 664 1034 727 alter,

362 730 448 781 Altera
464 740 513 779 tam
529 727 587 779 forti
602 742 685 780 mutua
701 746 758 780 cura
771 730 836 782 viro.

326 804 424 857 Femina
438 815 466 852 tu
482 801 612 868 princeps,
630 814 658 853 tu
672 801 721 853 iilia
736 801 837 855 Caesaris
854 819 862 855 t
877 804 915 857 illi

362 874 418 927 Ne'c
434 876 512 926 minor
526 892 553 925 es
566 876 646 943 magni
662 874 768 943 conjuge
784 876 833 926 visa
848 877 930 930 Jovis.

265 967 317 1021 305
329 949 370 1001 Tu
386 947 509 1000 concessus
524 965 610 1007 amor,
630 960 657 999 tu
673 949 735 999 solus
753 949 779 997 δι
794 950 894 1001 ultimus
910 953 968 1007 illi:

363 1023 405 1073 Tu
417 1022 514 1089 requies
525 1022 590 1071 sesso
605 1034 672 1089 grata
687 1022 776 1072 laboris
790 1038 855 1075 eras.
932 1047 935 1051 ⁴

325 1097 365 1147 Te
382 1096 504 1152 moriens,
520 1111 565 1161 per
579 1096 653 1145 verba
667 1094 814 1155 novissima,
829 1094 926 1163 questus
941 1098 1033 1151 abesse:

361 1169 393 1218 Et
408 1180 474 1218 mota
488 1167 513 1215 in
528 1182 618 1216 nomen
634 1166 719 1234 frigida
735 1168 818 1234 lingua
832 1180 912 1220 tuum.

325 1240 415 1292 Infelix
432 1239 539 1305 recipis,
556 1255 606 1289 non
620 1257 692 1306 quem
707 1241 849 1306 promiserat
863 1241 936 1308 ipse:

265 1329 317 1383 310
363 1313 419 1363 Nec
434 1313 476 1379 qui
490 1311 568 1363 missus
583 1324 653 1371 erat,
669 1329 715 1363 nec
729 1326 785 1363 tuus
799 1313 841 1363 ille
854 1309 932 1367 reditss

325 1388 381 1439 Nec
397 1386 443 1435 tibi
456 1387 551 1436 deletos
564 1386 660 1453 poterit
675 1403 771 1436 narrare
789 1387 960 1454 Sycambros,

363 1459 465 1510 Ensibus
484 1459 510 1509 ὃ(
526 1459 621 1509 Suevos
636 1472 705 1527 terga
721 1458 809 1508 dedisse
825 1459 882 1510 suis.

325 1532 497 1597 Fluminaque,
509 1532 535 1586 &
544 1544 655 1589 montes,
669 1534 694 1583 δι
702 1532 799 1605 nomina
809 1548 896 1600 magna
906 1534 1029 1586 locorum:

361 1604 393 1653 Et
409 1605 430 1654 si
446 1604 502 1670 quid
519 1604 572 1653 miri
585 1605 647 1654 vidit
663 1604 688 1655 in
703 1606 762 1656 orbe
777 1622 855 1657 novo.

263 1694 313 1747 315
325 1677 435 1745 Frigidus
450 1678 491 1727 ille
507 1678 570 1736 tihi.
590 1694 725 1745 corpusque
740 1680 846 1729 refertur
861 1678 954 1732 inanes

362 1750 491 1817 Quemque
501 1762 595 1816 premat
604 1752 656 1801 sine
666 1764 692 1800 te
702 1785 709 1809 ,
727 1750 837 1801 sternitur
847 1768 908 1803 ecce
919 1768 994 1804 torus.
1046 1767 1047 1770 ’

324 1821 384 1887 Qud
397 1824 488 1889 raperis
501 1856 508 1881 ,
527 1824 615 1873 laniata
630 1840 729 1881 comas,
745 1825 878 1891 similisque
891 1825 1001 1877 furenti?

360 1892 418 1960 Qud
434 1896 482 1945 ruis
495 1893 506 1943 1
521 1896 625 1943 attonita
641 1897 697 1961 quid
712 1896 774 1961 petis
789 1913 833 1955 ora
850 1915 923 1948 manu
934 1897 957 1948 i'

321 1967 379 2020 Hoc
390 1967 435 2019 fuit
445 1966 616 2018 Andromache
628 1998 636 2025 ,
657 1965 711 2018 crim
721 1969 758 2018 vir
768 1971 885 2037 religatus
895 1971 926 2021 ad
936 1987 1003 2023 axem

260 2056 313 2111 320
359 2040 460 2091 Terruit
476 2040 584 2093 admissos
600 2040 795 2108 sanguinolentus
811 2060 900 2110 equos.

322 2115 380 2165 Hoc
394 2114 440 2166 fuit
454 2114 574 2174 Euadne,
591 2126 650 2163 tunc
667 2113 721 2165 caim
735 2115 844 2165 ferienda
861 2117 969 2169 coruscis

358 2187 503 2239 Fulminibus
520 2186 649 2252 Capaneus
667 2188 784 2254 impavida
800 2205 844 2238 ora
863 2189 941 2240 dedit.

320 2258 389 2325 Quid
399 2272 502 2311 mortem
510 2260 554 2310 tibi
564 2259 643 2311 maesta
652 2278 724 2328 rogas
736 2260 748 2309 ἓ
765 2262 924 2330 amplexaque
933 2274 1004 2315 natos

357 2332 460 2402 Pignora
476 2333 507 2384 de
522 2333 606 2383 Druso
620 2334 670 2384 sola
685 2333 768 2384 relisia
782 2333 876 2385 tenes?

259 2418 309 2473 325
324 2406 356 2457 Et
373 2405 446 2457 modd
460 2424 504 2472 per
522 2406 617 2458 somnos
632 2407 727 2474 agitaris
744 2406 846 2474 imagine
862 2406 944 2468 falsa,

356 2479 444 2544 Teque
460 2491 505 2528 tuo
520 2478 627 2528 Drusum
641 2481 720 2529 credis
736 2481 825 2529 habere
842 2480 921 2531 sinu?

319 2550 351 2602 Et
367 2549 444 2601 subiti>
460 2562 589 2617 tentatque
605 2566 695 2611 manu,
713 2552 842 2619 sperasque
858 2566 1007 2621 receptum

356 2624 451 2689 Quaeris
468 2624 494 2675 &
509 2624 534 2674 in
548 2625 619 2676 vacui
633 2638 701 2691 parte
717 2625 798 2691 priore
815 2623 887 2677 tori?

319 2698 364 2749 1110
375 2699 416 2765 pio
428 2731 436 2759 ,
452 2697 473 2750 si
482 2697 696 2750 nonternerehaec
707 2700 856 2759 creduntur,
871 2698 899 2753 in
913 2716 977 2752 arvo

178 2837 179 2842 1
259 2783 311 2837 330
358 2773 426 2822 lnter
441 2773 574 2823 honoratos
592 2771 727 2837 excipietur
742 2790 811 2823 avos.

317 2842 457 2911 Magnaque
473 2845 588 2895 maternis
603 2844 754 2911 majoribus,
772 2862 840 2912 aequa
855 2846 968 2913 paternis
1009 2897 1011 2901 .

356 2917 459 2977 Gloria,
477 2918 622 2985 quadrijugis
637 2935 725 2969 aureus
741 2919 785 2968 ibit
802 2920 891 2984 equis:

317 2987 450 3056 Regalique
464 2991 566 3050 habitu,
583 3008 703 3058 curruque
721 2992 833 3057 superbus
848 2992 966 3053 eburno,

354 3063 450 3119 froude
466 3064 603 3133 triumphali
619 3078 727 3133 tempora
743 3062 834 3116 vinsius
852 3065 912 3119 erit.

893 3156 1024 3227 Accipient
