<?xml version="1.0" encoding="UTF-8"?>
<!DOCTYPE html PUBLIC "-//W3C//DTD XHTML 1.0 Transitional//EN"
    "http://www.w3.org/TR/xhtml1/DTD/xhtml1-transitional.dtd">
<html xmlns="http://www.w3.org/1999/xhtml" xml:lang="en" lang="en">
 <head>
  <title>
</title>
<meta http-equiv="Content-Type" content="text/html;charset=utf-8" />
  <meta name='ocr-system' content='tesseract 3.04.00' />
  <meta name='ocr-capabilities' content='ocr_page ocr_carea ocr_par ocr_line ocrx_word'/>
</head>
<body>
  <div class='ocr_page' id='page_1' title='image "./povidiinasoniso00heingoog_0252.png"; bbox 0 0 2392 3892; ppageno 0'>
   <div class='ocr_carea' id='block_1_1' title="bbox 256 437 925 536">
    <p class='ocr_par' dir='ltr' id='par_1_1' title="bbox 256 437 925 536">
     <span class='ocr_line' id='line_1_1' title="bbox 256 437 925 536; baseline -0.009 -19"><span class='ocrx_word' id='word_1_1' title='bbox 256 457 316 516; x_wconf 70' lang='grc' dir='ltr'>Μ</span> <span class='ocrx_word' id='word_1_2' title='bbox 343 444 467 513; x_wconf 70' lang='grc' dir='ltr'><em>ΑΜΕ·</em></span> <span class='ocrx_word' id='word_1_3' title='bbox 491 437 676 509; x_wconf 64' lang='lat' dir='ltr'>Annum</span> <span class='ocrx_word' id='word_1_4' title='bbox 705 442 744 506; x_wconf 88' lang='lat' dir='ltr'>L.</span> <span class='ocrx_word' id='word_1_5' title='bbox 770 441 819 508; x_wconf 87' lang='grc' dir='ltr'>ΙΙ.</span> <span class='ocrx_word' id='word_1_6' title='bbox 849 461 925 536; x_wconf 81' lang='lat'>235</span> 
     </span>
    </p>
   </div>
   <div class='ocr_carea' id='block_1_2' title="bbox 214 558 986 775">
    <p class='ocr_par' dir='ltr' id='par_1_2' title="bbox 214 558 986 775">
     <span class='ocr_line' id='line_1_2' title="bbox 215 558 986 625; baseline -0.005 -10"><span class='ocrx_word' id='word_1_7' title='bbox 215 564 264 615; x_wconf 84' lang='lat' dir='ltr'>Nec</span> <span class='ocrx_word' id='word_1_8' title='bbox 273 565 364 617; x_wconf 80' lang='lat' dir='ltr'>Venus</span> <span class='ocrx_word' id='word_1_9' title='bbox 376 560 474 618; x_wconf 88' lang='lat' dir='ltr'>oranti,</span> <span class='ocrx_word' id='word_1_10' title='bbox 485 575 565 625; x_wconf 88' lang='lat' dir='ltr'>neque</span> <span class='ocrx_word' id='word_1_11' title='bbox 575 561 639 609; x_wconf 87' lang='lat' dir='ltr'>enim</span> <span class='ocrx_word' id='word_1_12' title='bbox 649 559 705 608; x_wconf 90' lang='lat' dir='ltr'>Dea</span> <span class='ocrx_word' id='word_1_13' title='bbox 716 558 813 614; x_wconf 85' lang='lat' dir='ltr'>mollior</span> <span class='ocrx_word' id='word_1_14' title='bbox 821 560 871 611; x_wconf 81' lang='lat' dir='ltr'>ulia</span> <span class='ocrx_word' id='word_1_15' title='bbox 880 560 922 620; x_wconf 82' lang='lat' dir='ltr'>est,</span> <span class='ocrx_word' id='word_1_16' title='bbox 936 559 969 625; x_wconf 82' lang='lat'>56</span> <span class='ocrx_word' id='word_1_17' title='bbox 974 575 986 622; x_wconf 86' lang='lat'>5</span> 
     </span>
     <span class='ocr_line' id='line_1_3' title="bbox 246 631 719 691; baseline -0.019 -3"><span class='ocrx_word' id='word_1_18' title='bbox 246 636 344 687; x_wconf 84' lang='lat' dir='ltr'>Rustica</span> <span class='ocrx_word' id='word_1_19' title='bbox 362 632 496 691; x_wconf 82' lang='lat' dir='ltr'>Gradivo,</span> <span class='ocrx_word' id='word_1_20' title='bbox 513 632 646 681; x_wconf 83' lang='lat' dir='ltr'>difficilisve</span> <span class='ocrx_word' id='word_1_21' title='bbox 663 631 719 681; x_wconf 86' lang='lat' dir='ltr'>suit.</span> 
     </span>
     <span class='ocr_line' id='line_1_4' title="bbox 214 702 770 775; baseline -0.007 -16"><span class='ocrx_word' id='word_1_22' title='bbox 214 706 255 760; x_wconf 76' lang='lat' dir='ltr'>Ah·</span> <span class='ocrx_word' id='word_1_23' title='bbox 266 708 273 757; x_wconf 83' lang='lat' dir='ltr'>i</span> <span class='ocrx_word' id='word_1_24' title='bbox 286 708 389 775; x_wconf 76' lang='lat' dir='ltr'>quoties</span> <span class='ocrx_word' id='word_1_25' title='bbox 403 706 492 756; x_wconf 82' lang='lat' dir='ltr'>lasciva</span> <span class='ocrx_word' id='word_1_26' title='bbox 507 706 584 772; x_wconf 86' lang='lat' dir='ltr'>pedes</span> <span class='ocrx_word' id='word_1_27' title='bbox 600 704 673 755; x_wconf 88' lang='lat' dir='ltr'>risisse</span> <span class='ocrx_word' id='word_1_28' title='bbox 690 702 770 755; x_wconf 86' lang='lat' dir='ltr'>mariti</span> 
     </span>
    </p>
   </div>
   <div class='ocr_carea' id='block_1_3' title="bbox 201 775 990 3181">
    <p class='ocr_par' dir='ltr' id='par_1_3' title="bbox 201 775 990 3181">
     <span class='ocr_line' id='line_1_5' title="bbox 247 775 817 845; baseline -0.007 -13"><span class='ocrx_word' id='word_1_29' title='bbox 247 782 367 839; x_wconf 83' lang='lat' dir='ltr'>Dicitur,</span> <span class='ocrx_word' id='word_1_30' title='bbox 386 780 413 831; x_wconf 76' lang='grc' dir='ltr'>δι</span> <span class='ocrx_word' id='word_1_31' title='bbox 430 779 500 829; x_wconf 86' lang='lat' dir='ltr'>duras</span> <span class='ocrx_word' id='word_1_32' title='bbox 517 780 572 845; x_wconf 81' lang='lat' dir='ltr'>igne</span> <span class='ocrx_word' id='word_1_33' title='bbox 589 780 629 828; x_wconf 86' lang='lat' dir='ltr'>vei</span> <span class='ocrx_word' id='word_1_34' title='bbox 645 789 697 827; x_wconf 83' lang='lat' dir='ltr'>arte</span> <span class='ocrx_word' id='word_1_35' title='bbox 713 775 817 828; x_wconf 77' lang='lat' dir='ltr'>manus!</span> 
     </span>
     <span class='ocr_line' id='line_1_6' title="bbox 213 851 927 920; baseline -0.007 -14"><span class='ocrx_word' id='word_1_36' title='bbox 213 851 293 905; x_wconf 77' lang='lat' dir='ltr'>Marte</span> <span class='ocrx_word' id='word_1_37' title='bbox 308 855 391 920; x_wconf 83' lang='lat' dir='ltr'>palam</span> <span class='ocrx_word' id='word_1_38' title='bbox 407 852 503 902; x_wconf 80' lang='lat' dir='ltr'>simulat</span> <span class='ocrx_word' id='word_1_39' title='bbox 516 853 653 905; x_wconf 82' lang='lat' dir='ltr'>Vulcanum</span> <span class='ocrx_word' id='word_1_40' title='bbox 671 867 677 900; x_wconf 89' lang='lat'>:</span> <span class='ocrx_word' id='word_1_41' title='bbox 696 851 789 901; x_wconf 83' lang='lat' dir='ltr'>imitata</span> <span class='ocrx_word' id='word_1_42' title='bbox 806 851 927 912; x_wconf 87' lang='lat' dir='ltr'>decebat;</span> 
     </span>
     <span class='ocr_line' id='line_1_7' title="bbox 247 924 989 993; baseline -0.007 -15"><span class='ocrx_word' id='word_1_43' title='bbox 247 927 380 993; x_wconf 84' lang='lat' dir='ltr'>Multaque</span> <span class='ocrx_word' id='word_1_44' title='bbox 397 941 452 974; x_wconf 85' lang='lat' dir='ltr'>cum</span> <span class='ocrx_word' id='word_1_45' title='bbox 469 925 545 975; x_wconf 84' lang='lat' dir='ltr'>sonna</span> <span class='ocrx_word' id='word_1_46' title='bbox 564 925 639 991; x_wconf 85' lang='lat' dir='ltr'>gratia</span> <span class='ocrx_word' id='word_1_47' title='bbox 655 925 729 974; x_wconf 79' lang='lat' dir='ltr'>ntixta</span> <span class='ocrx_word' id='word_1_48' title='bbox 745 924 800 975; x_wconf 85' lang='lat' dir='ltr'>suit.</span> <span class='ocrx_word' id='word_1_49' title='bbox 938 940 989 989; x_wconf 85' lang='lat'>570</span> 
     </span>
     <span class='ocr_line' id='line_1_8' title="bbox 215 997 845 1062; baseline -0.002 -11"><span class='ocrx_word' id='word_1_50' title='bbox 215 998 260 1051; x_wconf 86' lang='lat' dir='ltr'>Sed</span> <span class='ocrx_word' id='word_1_51' title='bbox 273 1001 340 1051; x_wconf 88' lang='lat' dir='ltr'>bene</span> <span class='ocrx_word' id='word_1_52' title='bbox 356 998 501 1047; x_wconf 81' lang='lat' dir='ltr'><strong>concubitus</strong></span> <span class='ocrx_word' id='word_1_53' title='bbox 515 998 605 1062; x_wconf 85' lang='lat' dir='ltr'>primos</span> <span class='ocrx_word' id='word_1_54' title='bbox 620 998 701 1047; x_wconf 84' lang='lat' dir='ltr'>celare</span> <span class='ocrx_word' id='word_1_55' title='bbox 716 997 845 1050; x_wconf 77' lang='lat' dir='ltr'>solebant:</span> 
     </span>
     <span class='ocr_line' id='line_1_9' title="bbox 248 1070 755 1135; baseline -0.004 -12"><span class='ocrx_word' id='word_1_56' title='bbox 248 1071 325 1123; x_wconf 87' lang='lat' dir='ltr'>Plena</span> <span class='ocrx_word' id='word_1_57' title='bbox 339 1070 475 1121; x_wconf 81' lang='lat' dir='ltr'>verecundi</span> <span class='ocrx_word' id='word_1_58' title='bbox 491 1072 561 1135; x_wconf 81' lang='lat' dir='ltr'>culpa</span> <span class='ocrx_word' id='word_1_59' title='bbox 576 1070 676 1135; x_wconf 83' lang='lat' dir='ltr'>pudoris</span> <span class='ocrx_word' id='word_1_60' title='bbox 693 1083 755 1121; x_wconf 85' lang='lat' dir='ltr'>erat.</span> 
     </span>
     <span class='ocr_line' id='line_1_10' title="bbox 216 1140 843 1213; baseline 0.006 -19"><span class='ocrx_word' id='word_1_61' title='bbox 216 1144 306 1195; x_wconf 90' lang='lat' dir='ltr'>indicio</span> <span class='ocrx_word' id='word_1_62' title='bbox 323 1144 389 1196; x_wconf 80' lang='lat' dir='ltr'>Solis</span> <span class='ocrx_word' id='word_1_63' title='bbox 402 1176 410 1202; x_wconf 87' lang='lat'>‚</span> <span class='ocrx_word' id='word_1_64' title='bbox 429 1141 503 1209; x_wconf 87' lang='lat' dir='ltr'>(quis</span> <span class='ocrx_word' id='word_1_65' title='bbox 520 1143 603 1193; x_wconf 84' lang='lat' dir='ltr'>Solem</span> <span class='ocrx_word' id='word_1_66' title='bbox 620 1143 705 1193; x_wconf 84' lang='lat' dir='ltr'>saliere</span> <span class='ocrx_word' id='word_1_67' title='bbox 720 1140 843 1213; x_wconf 68' lang='lat' dir='ltr'>possiti)</span> 
     </span>
     <span class='ocr_line' id='line_1_11' title="bbox 250 1215 761 1285; baseline 0.006 -18"><span class='ocrx_word' id='word_1_68' title='bbox 250 1217 359 1285; x_wconf 84' lang='lat' dir='ltr'>Cognita</span> <span class='ocrx_word' id='word_1_69' title='bbox 374 1216 490 1268; x_wconf 77' lang='lat' dir='ltr'>Vulcano</span> <span class='ocrx_word' id='word_1_70' title='bbox 508 1215 618 1282; x_wconf 76' lang='lat' dir='ltr'>conjugis</span> <span class='ocrx_word' id='word_1_71' title='bbox 635 1217 686 1265; x_wconf 66' lang='lat' dir='ltr'>aila</span> <span class='ocrx_word' id='word_1_72' title='bbox 703 1216 761 1270; x_wconf 78' lang='lat' dir='ltr'>sue.</span> 
     </span>
     <span class='ocr_line' id='line_1_12' title="bbox 218 1288 987 1355; baseline 0.003 -16"><span class='ocrx_word' id='word_1_73' title='bbox 218 1288 294 1353; x_wconf 78' lang='lat' dir='ltr'>Quint</span> <span class='ocrx_word' id='word_1_74' title='bbox 301 1290 372 1347; x_wconf 85' lang='lat' dir='ltr'>maia,</span> <span class='ocrx_word' id='word_1_75' title='bbox 382 1288 436 1347; x_wconf 91' lang='lat' dir='ltr'><strong>Sol,</strong></span> <span class='ocrx_word' id='word_1_76' title='bbox 444 1290 555 1355; x_wconf 81' lang='lat' dir='ltr'>exempla</span> <span class='ocrx_word' id='word_1_77' title='bbox 561 1303 645 1336; x_wconf 83' lang='lat' dir='ltr'>moves</span> <span class='ocrx_word' id='word_1_78' title='bbox 654 1288 660 1335; x_wconf 91' lang='lat'>!</span> <span class='ocrx_word' id='word_1_79' title='bbox 670 1301 727 1353; x_wconf 91' lang='lat' dir='ltr'>pete</span> <span class='ocrx_word' id='word_1_80' title='bbox 734 1307 819 1340; x_wconf 85' lang='lat' dir='ltr'>munus</span> <span class='ocrx_word' id='word_1_81' title='bbox 827 1292 857 1339; x_wconf 82' lang='lat' dir='ltr'>ab</span> <span class='ocrx_word' id='word_1_82' title='bbox 863 1289 913 1341; x_wconf 80' lang='lat' dir='ltr'>ilia:</span> <span class='ocrx_word' id='word_1_83' title='bbox 935 1302 987 1355; x_wconf 85' lang='lat'>575</span> 
     </span>
     <span class='ocr_line' id='line_1_13' title="bbox 250 1360 881 1426; baseline 0.002 -14"><span class='ocrx_word' id='word_1_84' title='bbox 250 1363 282 1412; x_wconf 88' lang='lat' dir='ltr'>Et</span> <span class='ocrx_word' id='word_1_85' title='bbox 295 1362 357 1420; x_wconf 87' lang='lat' dir='ltr'>tibi,</span> <span class='ocrx_word' id='word_1_86' title='bbox 375 1362 395 1411; x_wconf 89' lang='lat' dir='ltr'>si</span> <span class='ocrx_word' id='word_1_87' title='bbox 410 1374 513 1420; x_wconf 79' lang='lat' dir='ltr'>taceas,</span> <span class='ocrx_word' id='word_1_88' title='bbox 531 1360 598 1426; x_wconf 87' lang='lat' dir='ltr'>quod</span> <span class='ocrx_word' id='word_1_89' title='bbox 613 1360 670 1409; x_wconf 87' lang='lat' dir='ltr'>dare</span> <span class='ocrx_word' id='word_1_90' title='bbox 687 1363 782 1424; x_wconf 80' lang='lat' dir='ltr'>possit,</span> <span class='ocrx_word' id='word_1_91' title='bbox 797 1363 881 1414; x_wconf 88' lang='lat' dir='ltr'>habet.</span> 
     </span>
     <span class='ocr_line' id='line_1_14' title="bbox 215 1432 889 1499; baseline -0.003 -14"><span class='ocrx_word' id='word_1_92' title='bbox 215 1434 338 1485; x_wconf 78' lang='lat' dir='ltr'>Mulciber</span> <span class='ocrx_word' id='word_1_93' title='bbox 353 1433 487 1493; x_wconf 88' lang='lat' dir='ltr'>obscuros,</span> <span class='ocrx_word' id='word_1_94' title='bbox 507 1433 595 1483; x_wconf 74' lang='lat' dir='ltr'>tetum</span> <span class='ocrx_word' id='word_1_95' title='bbox 612 1432 724 1499; x_wconf 87' lang='lat' dir='ltr'>circaque</span> <span class='ocrx_word' id='word_1_96' title='bbox 740 1434 857 1499; x_wconf 80' lang='lat' dir='ltr'>superque</span> <span class='ocrx_word' id='word_1_97' title='bbox 867 1467 889 1495; x_wconf 40' lang='lat'>,-</span> 
     </span>
     <span class='ocr_line' id='line_1_15' title="bbox 249 1505 782 1573; baseline -0.002 -16"><span class='ocrx_word' id='word_1_98' title='bbox 249 1506 366 1573; x_wconf 87' lang='lat' dir='ltr'><strong>Disponit</strong></span> <span class='ocrx_word' id='word_1_99' title='bbox 382 1508 483 1573; x_wconf 82' lang='lat' dir='ltr'>laqueos</span> <span class='ocrx_word' id='word_1_100' title='bbox 499 1522 508 1557; x_wconf 74' lang='grc' dir='ltr'><strong>ι</strong></span> <span class='ocrx_word' id='word_1_101' title='bbox 524 1506 614 1555; x_wconf 86' lang='lat' dir='ltr'>lumina</span> <span class='ocrx_word' id='word_1_102' title='bbox 631 1505 694 1554; x_wconf 84' lang='lat' dir='ltr'>saliit</span> <span class='ocrx_word' id='word_1_103' title='bbox 711 1522 782 1571; x_wconf 83' lang='lat' dir='ltr'>opus.</span> 
     </span>
     <span class='ocr_line' id='line_1_16' title="bbox 216 1578 911 1648; baseline -0.001 -16"><span class='ocrx_word' id='word_1_104' title='bbox 216 1582 293 1648; x_wconf 76' lang='lat' dir='ltr'>tingit</span> <span class='ocrx_word' id='word_1_105' title='bbox 310 1582 359 1633; x_wconf 85' lang='lat' dir='ltr'>iter</span> <span class='ocrx_word' id='word_1_106' title='bbox 374 1578 483 1629; x_wconf 85' lang='lat' dir='ltr'>Lemnon</span> <span class='ocrx_word' id='word_1_107' title='bbox 499 1595 506 1629; x_wconf 81' lang='lat' dir='ltr'>t</span> <span class='ocrx_word' id='word_1_108' title='bbox 523 1579 626 1630; x_wconf 85' lang='lat' dir='ltr'>veniunt</span> <span class='ocrx_word' id='word_1_109' title='bbox 642 1579 673 1627; x_wconf 91' lang='lat' dir='ltr'>ad</span> <span class='ocrx_word' id='word_1_110' title='bbox 691 1579 770 1629; x_wconf 82' lang='lat' dir='ltr'>foedus</span> <span class='ocrx_word' id='word_1_111' title='bbox 785 1591 911 1632; x_wconf 82' lang='lat' dir='ltr'>amantes:</span> 
     </span>
     <span class='ocr_line' id='line_1_17' title="bbox 249 1650 990 1719; baseline -0.001 -15"><span class='ocrx_word' id='word_1_112' title='bbox 249 1652 366 1719; x_wconf 86' lang='lat' dir='ltr'>Impliciti</span> <span class='ocrx_word' id='word_1_113' title='bbox 381 1653 472 1719; x_wconf 84' lang='lat' dir='ltr'>laqueis</span> <span class='ocrx_word' id='word_1_114' title='bbox 490 1652 568 1702; x_wconf 87' lang='lat' dir='ltr'>nudus</span> <span class='ocrx_word' id='word_1_115' title='bbox 584 1664 688 1717; x_wconf 87' lang='lat' dir='ltr'>uterque</span> <span class='ocrx_word' id='word_1_116' title='bbox 703 1650 796 1718; x_wconf 88' lang='lat' dir='ltr'>jacent.</span> <span class='ocrx_word' id='word_1_117' title='bbox 937 1650 990 1717; x_wconf 82' lang='lat'>580</span> 
     </span>
     <span class='ocr_line' id='line_1_18' title="bbox 216 1723 875 1791; baseline -0.002 -14"><span class='ocrx_word' id='word_1_118' title='bbox 216 1725 345 1777; x_wconf 81' lang='lat' dir='ltr'><strong>Convocat</strong></span> <span class='ocrx_word' id='word_1_119' title='bbox 360 1725 401 1775; x_wconf 89' lang='lat' dir='ltr'>iile</span> <span class='ocrx_word' id='word_1_120' title='bbox 417 1727 488 1775; x_wconf 81' lang='lat' dir='ltr'>Deos</span> <span class='ocrx_word' id='word_1_121' title='bbox 504 1742 512 1777; x_wconf 78' lang='lat' dir='ltr'>t</span> <span class='ocrx_word' id='word_1_122' title='bbox 528 1726 637 1791; x_wconf 76' lang='lat' dir='ltr'>praebent</span> <span class='ocrx_word' id='word_1_123' title='bbox 654 1723 786 1789; x_wconf 72' lang='lat' dir='ltr'>spetiacula</span> <span class='ocrx_word' id='word_1_124' title='bbox 802 1725 875 1791; x_wconf 86' lang='lat' dir='ltr'>capti.</span> 
     </span>
     <span class='ocr_line' id='line_1_19' title="bbox 250 1797 843 1867; baseline 0.003 -20"><span class='ocrx_word' id='word_1_125' title='bbox 250 1800 302 1853; x_wconf 89' lang='lat' dir='ltr'>Vix</span> <span class='ocrx_word' id='word_1_126' title='bbox 318 1800 436 1867; x_wconf 82' lang='lat' dir='ltr'><strong>lacrymas</strong></span> <span class='ocrx_word' id='word_1_127' title='bbox 449 1799 575 1849; x_wconf 86' lang='lat' dir='ltr'>Venerem</span> <span class='ocrx_word' id='word_1_128' title='bbox 592 1797 734 1849; x_wconf 81' lang='lat' dir='ltr'>continuisse</span> <span class='ocrx_word' id='word_1_129' title='bbox 749 1811 843 1865; x_wconf 85' lang='lat' dir='ltr'>putant.</span> 
     </span>
     <span class='ocr_line' id='line_1_20' title="bbox 215 1868 857 1940; baseline 0.003 -18"><span class='ocrx_word' id='word_1_130' title='bbox 215 1868 273 1922; x_wconf 85' lang='lat' dir='ltr'>Non</span> <span class='ocrx_word' id='word_1_131' title='bbox 287 1873 372 1922; x_wconf 79' lang='lat' dir='ltr'>vultus</span> <span class='ocrx_word' id='word_1_132' title='bbox 388 1871 472 1921; x_wconf 78' lang='lat' dir='ltr'>texisse</span> <span class='ocrx_word' id='word_1_133' title='bbox 487 1871 560 1931; x_wconf 77' lang='lat' dir='ltr'>suot,</span> <span class='ocrx_word' id='word_1_134' title='bbox 578 1888 628 1921; x_wconf 89' lang='lat' dir='ltr'>non</span> <span class='ocrx_word' id='word_1_135' title='bbox 644 1871 748 1937; x_wconf 88' lang='lat' dir='ltr'>denique</span> <span class='ocrx_word' id='word_1_136' title='bbox 762 1871 857 1940; x_wconf 80' lang='lat' dir='ltr'>possunt</span> 
     </span>
     <span class='ocr_line' id='line_1_21' title="bbox 250 1944 746 2012; baseline 0.006 -19"><span class='ocrx_word' id='word_1_137' title='bbox 250 1944 362 1994; x_wconf 81' lang='lat' dir='ltr'>Partibus</span> <span class='ocrx_word' id='word_1_138' title='bbox 378 1944 487 1995; x_wconf 82' lang='lat' dir='ltr'>obscenis</span> <span class='ocrx_word' id='word_1_139' title='bbox 504 1945 636 2012; x_wconf 80' lang='lat' dir='ltr'>opposuisse</span> <span class='ocrx_word' id='word_1_140' title='bbox 652 1961 746 1998; x_wconf 76' lang='lat' dir='ltr'>manus.</span> 
     </span>
     <span class='ocr_line' id='line_1_22' title="bbox 215 2015 987 2083; baseline 0.001 -16"><span class='ocrx_word' id='word_1_141' title='bbox 215 2015 262 2067; x_wconf 84' lang='lat' dir='ltr'>Hic</span> <span class='ocrx_word' id='word_1_142' title='bbox 277 2016 363 2083; x_wconf 87' lang='lat' dir='ltr'>aliquis</span> <span class='ocrx_word' id='word_1_143' title='bbox 378 2017 479 2077; x_wconf 76' lang='lat' dir='ltr'>ridens,</span> <span class='ocrx_word' id='word_1_144' title='bbox 498 2019 527 2068; x_wconf 87' lang='lat' dir='ltr'>In</span> <span class='ocrx_word' id='word_1_145' title='bbox 542 2036 602 2077; x_wconf 85' lang='lat' dir='ltr'>me,</span> <span class='ocrx_word' id='word_1_146' title='bbox 620 2019 750 2069; x_wconf 76' lang='lat' dir='ltr'>fortissime</span> <span class='ocrx_word' id='word_1_147' title='bbox 766 2020 889 2080; x_wconf 77' lang='lat' dir='ltr'>Mavors,</span> <span class='ocrx_word' id='word_1_148' title='bbox 937 2018 969 2081; x_wconf 85' lang='lat'>58</span> <span class='ocrx_word' id='word_1_149' title='bbox 970 2034 987 2081; x_wconf 81' lang='lat'><em>5</em></span> 
     </span>
     <span class='ocr_line' id='line_1_23' title="bbox 249 2089 825 2149; baseline 0.002 -9"><span class='ocrx_word' id='word_1_150' title='bbox 249 2091 277 2140; x_wconf 84' lang='lat' dir='ltr'>Si</span> <span class='ocrx_word' id='word_1_151' title='bbox 292 2090 338 2140; x_wconf 91' lang='lat' dir='ltr'>tibi</span> <span class='ocrx_word' id='word_1_152' title='bbox 355 2089 408 2140; x_wconf 92' lang='lat' dir='ltr'>sunt</span> <span class='ocrx_word' id='word_1_153' title='bbox 425 2091 513 2149; x_wconf 86' lang='lat' dir='ltr'>oneri,</span> <span class='ocrx_word' id='word_1_154' title='bbox 530 2091 627 2140; x_wconf 83' lang='lat' dir='ltr'>vincula</span> <span class='ocrx_word' id='word_1_155' title='bbox 642 2092 764 2148; x_wconf 80' lang='lat' dir='ltr'>transser,</span> <span class='ocrx_word' id='word_1_156' title='bbox 783 2093 825 2141; x_wconf 87' lang='lat' dir='ltr'>ait.</span> 
     </span>
     <span class='ocr_line' id='line_1_24' title="bbox 215 2161 859 2230; baseline -0.002 -16"><span class='ocrx_word' id='word_1_157' title='bbox 215 2164 264 2221; x_wconf 85' lang='lat' dir='ltr'>Vix</span> <span class='ocrx_word' id='word_1_158' title='bbox 280 2163 411 2230; x_wconf 79' lang='lat' dir='ltr'>precibus,</span> <span class='ocrx_word' id='word_1_159' title='bbox 430 2164 565 2229; x_wconf 80' lang='lat' dir='ltr'>Neptune,</span> <span class='ocrx_word' id='word_1_160' title='bbox 583 2163 632 2212; x_wconf 85' lang='lat' dir='ltr'>tuis</span> <span class='ocrx_word' id='word_1_161' title='bbox 648 2163 744 2227; x_wconf 80' lang='lat' dir='ltr'>captiva</span> <span class='ocrx_word' id='word_1_162' title='bbox 757 2161 859 2213; x_wconf 83' lang='lat' dir='ltr'>resolvit</span> 
     </span>
     <span class='ocr_line' id='line_1_25' title="bbox 250 2233 916 2302; baseline -0.003 -17"><span class='ocrx_word' id='word_1_163' title='bbox 250 2236 373 2302; x_wconf 84' lang='lat' dir='ltr'>Corpora.</span> <span class='ocrx_word' id='word_1_164' title='bbox 391 2236 460 2285; x_wconf 86' lang='lat' dir='ltr'>Mars</span> <span class='ocrx_word' id='word_1_165' title='bbox 475 2236 589 2284; x_wconf 86' lang='lat' dir='ltr'>Threcen</span> <span class='ocrx_word' id='word_1_166' title='bbox 607 2245 732 2300; x_wconf 76' lang='lat' dir='ltr'>occupat,</span> <span class='ocrx_word' id='word_1_167' title='bbox 750 2233 790 2283; x_wconf 88' lang='lat' dir='ltr'>ilia</span> <span class='ocrx_word' id='word_1_168' title='bbox 807 2234 916 2301; x_wconf 82' lang='lat' dir='ltr'>Paphon.</span> 
     </span>
     <span class='ocr_line' id='line_1_26' title="bbox 214 2308 952 2377; baseline -0.007 -18"><span class='ocrx_word' id='word_1_169' title='bbox 214 2309 271 2359; x_wconf 81' lang='lat' dir='ltr'>iioc</span> <span class='ocrx_word' id='word_1_170' title='bbox 285 2310 330 2359; x_wconf 90' lang='lat' dir='ltr'>tibi</span> <span class='ocrx_word' id='word_1_171' title='bbox 344 2308 497 2375; x_wconf 70' lang='lat' dir='ltr'>prosetium,</span> <span class='ocrx_word' id='word_1_172' title='bbox 514 2309 626 2363; x_wconf 85' lang='lat' dir='ltr'>Vulcane</span> <span class='ocrx_word' id='word_1_173' title='bbox 643 2324 650 2357; x_wconf 76' lang='grc' dir='ltr'><em>τ</em></span> <span class='ocrx_word' id='word_1_174' title='bbox 664 2308 730 2373; x_wconf 89' lang='lat' dir='ltr'>quod</span> <span class='ocrx_word' id='word_1_175' title='bbox 745 2319 801 2357; x_wconf 82' lang='lat' dir='ltr'>ante</span> <span class='ocrx_word' id='word_1_176' title='bbox 817 2310 952 2377; x_wconf 81' lang='lat' dir='ltr'>tegebant,</span> 
     </span>
     <span class='ocr_line' id='line_1_27' title="bbox 248 2380 988 2447; baseline -0.005 -16"><span class='ocrx_word' id='word_1_177' title='bbox 248 2381 358 2431; x_wconf 73' lang='lat' dir='ltr'>Liberius</span> <span class='ocrx_word' id='word_1_178' title='bbox 373 2382 484 2441; x_wconf 78' lang='lat' dir='ltr'>faciunt3</span> <span class='ocrx_word' id='word_1_179' title='bbox 503 2393 530 2430; x_wconf 88' lang='lat' dir='ltr'>ut</span> <span class='ocrx_word' id='word_1_180' title='bbox 546 2382 625 2447; x_wconf 91' lang='lat' dir='ltr'>pudor</span> <span class='ocrx_word' id='word_1_181' title='bbox 640 2381 716 2431; x_wconf 84' lang='lat' dir='ltr'>omnis</span> <span class='ocrx_word' id='word_1_182' title='bbox 731 2380 805 2431; x_wconf 81' lang='lat' dir='ltr'>abest.</span> <span class='ocrx_word' id='word_1_183' title='bbox 936 2394 988 2443; x_wconf 80' lang='lat'>590</span> 
     </span>
     <span class='ocr_line' id='line_1_28' title="bbox 213 2454 796 2519; baseline -0.002 -13"><span class='ocrx_word' id='word_1_184' title='bbox 213 2455 285 2519; x_wconf 81' lang='lat' dir='ltr'>Saepe</span> <span class='ocrx_word' id='word_1_185' title='bbox 301 2466 383 2504; x_wconf 86' lang='lat' dir='ltr'>tamen</span> <span class='ocrx_word' id='word_1_186' title='bbox 398 2455 495 2506; x_wconf 86' lang='lat' dir='ltr'>demens</span> <span class='ocrx_word' id='word_1_187' title='bbox 511 2454 582 2505; x_wconf 73' lang='lat' dir='ltr'>stulte</span> <span class='ocrx_word' id='word_1_188' title='bbox 596 2454 677 2505; x_wconf 86' lang='lat' dir='ltr'>secisse</span> <span class='ocrx_word' id='word_1_189' title='bbox 694 2454 796 2505; x_wconf 74' lang='lat' dir='ltr'>fateris:</span> 
     </span>
     <span class='ocr_line' id='line_1_29' title="bbox 248 2527 715 2597; baseline 0.009 -21"><span class='ocrx_word' id='word_1_190' title='bbox 248 2529 337 2593; x_wconf 88' lang='lat' dir='ltr'>Teque</span> <span class='ocrx_word' id='word_1_191' title='bbox 353 2527 434 2577; x_wconf 85' lang='lat' dir='ltr'>ferunt</span> <span class='ocrx_word' id='word_1_192' title='bbox 450 2529 491 2579; x_wconf 80' lang='lat' dir='ltr'>irae</span> <span class='ocrx_word' id='word_1_193' title='bbox 505 2529 642 2597; x_wconf 70' lang='lat' dir='ltr'>poenituisse</span> <span class='ocrx_word' id='word_1_194' title='bbox 657 2539 715 2580; x_wconf 73' lang='lat' dir='ltr'>tue.</span> 
     </span>
     <span class='ocr_line' id='line_1_30' title="bbox 212 2601 830 2669; baseline -0.003 -16"><span class='ocrx_word' id='word_1_195' title='bbox 212 2601 270 2653; x_wconf 83' lang='lat' dir='ltr'>Hoc</span> <span class='ocrx_word' id='word_1_196' title='bbox 285 2601 354 2650; x_wconf 82' lang='lat' dir='ltr'>vetui</span> <span class='ocrx_word' id='word_1_197' title='bbox 371 2616 378 2651; x_wconf 78' lang='lat' dir='ltr'>t</span> <span class='ocrx_word' id='word_1_198' title='bbox 394 2617 439 2650; x_wconf 83' lang='lat' dir='ltr'>vos</span> <span class='ocrx_word' id='word_1_199' title='bbox 456 2619 515 2651; x_wconf 91' lang='lat' dir='ltr'>ecce</span> <span class='ocrx_word' id='word_1_200' title='bbox 529 2615 597 2653; x_wconf 84' lang='lat' dir='ltr'>vetat</span> <span class='ocrx_word' id='word_1_201' title='bbox 613 2603 729 2669; x_wconf 82' lang='lat' dir='ltr'>deprensa</span> <span class='ocrx_word' id='word_1_202' title='bbox 744 2602 830 2652; x_wconf 81' lang='lat' dir='ltr'>Dione</span> 
     </span>
     <span class='ocr_line' id='line_1_31' title="bbox 201 2672 750 2740; baseline 0.004 -18"><span class='ocrx_word' id='word_1_203' title='bbox 201 2679 205 2683; x_wconf 81' lang='grc'><strong><em>’</em></strong></span> <span class='ocrx_word' id='word_1_204' title='bbox 250 2672 352 2723; x_wconf 86' lang='lat' dir='ltr'>Insidias</span> <span class='ocrx_word' id='word_1_205' title='bbox 368 2674 440 2728; x_wconf 83' lang='lat' dir='ltr'>illas,</span> <span class='ocrx_word' id='word_1_206' title='bbox 459 2689 517 2738; x_wconf 80' lang='lat' dir='ltr'>quas</span> <span class='ocrx_word' id='word_1_207' title='bbox 535 2676 591 2724; x_wconf 86' lang='lat' dir='ltr'>tulit</span> <span class='ocrx_word' id='word_1_208' title='bbox 606 2675 673 2739; x_wconf 86' lang='lat' dir='ltr'>ipsa,</span> <span class='ocrx_word' id='word_1_209' title='bbox 690 2675 750 2740; x_wconf 88' lang='lat' dir='ltr'>pati.</span> 
     </span>
     <span class='ocr_line' id='line_1_32' title="bbox 213 2742 983 2811; baseline -0.006 -13"><span class='ocrx_word' id='word_1_210' title='bbox 213 2746 268 2798; x_wconf 85' lang='lat' dir='ltr'>Nec</span> <span class='ocrx_word' id='word_1_211' title='bbox 283 2759 329 2793; x_wconf 87' lang='lat' dir='ltr'>vos</span> <span class='ocrx_word' id='word_1_212' title='bbox 344 2742 412 2791; x_wconf 80' lang='lat' dir='ltr'>rivali</span> <span class='ocrx_word' id='word_1_213' title='bbox 426 2744 525 2809; x_wconf 82' lang='lat' dir='ltr'>laqueos</span> <span class='ocrx_word' id='word_1_214' title='bbox 540 2746 659 2811; x_wconf 78' lang='lat' dir='ltr'>disponite</span> <span class='ocrx_word' id='word_1_215' title='bbox 675 2761 689 2796; x_wconf 53' lang='lat' dir='ltr'>z*</span> <span class='ocrx_word' id='word_1_216' title='bbox 698 2762 745 2795; x_wconf 89' lang='lat' dir='ltr'>nec</span> <span class='ocrx_word' id='word_1_217' title='bbox 759 2758 806 2795; x_wconf 79' lang='lat' dir='ltr'>vot</span> <span class='ocrx_word' id='word_1_218' title='bbox 935 2754 983 2807; x_wconf 81' lang='lat'>595</span> 
     </span>
     <span class='ocr_line' id='line_1_33' title="bbox 249 2814 751 2882; baseline -0.002 -14"><span class='ocrx_word' id='word_1_219' title='bbox 249 2817 362 2882; x_wconf 82' lang='lat' dir='ltr'>Excipite</span> <span class='ocrx_word' id='word_1_220' title='bbox 378 2814 464 2864; x_wconf 78' lang='lat' dir='ltr'>areant</span> <span class='ocrx_word' id='word_1_221' title='bbox 479 2817 555 2867; x_wconf 80' lang='lat' dir='ltr'>verba</span> <span class='ocrx_word' id='word_1_222' title='bbox 570 2827 654 2866; x_wconf 86' lang='lat' dir='ltr'>notata</span> <span class='ocrx_word' id='word_1_223' title='bbox 669 2833 751 2867; x_wconf 80' lang='lat' dir='ltr'>manu.</span> 
     </span>
     <span class='ocr_line' id='line_1_34' title="bbox 212 2886 835 2955; baseline -0.002 -14"><span class='ocrx_word' id='word_1_224' title='bbox 212 2891 257 2941; x_wconf 82' lang='lat' dir='ltr'>lsta</span> <span class='ocrx_word' id='word_1_225' title='bbox 271 2891 317 2941; x_wconf 87' lang='lat' dir='ltr'>viri</span> <span class='ocrx_word' id='word_1_226' title='bbox 332 2899 450 2954; x_wconf 83' lang='lat' dir='ltr'>captent,</span> <span class='ocrx_word' id='word_1_227' title='bbox 467 2889 487 2938; x_wconf 84' lang='lat' dir='ltr'>si</span> <span class='ocrx_word' id='word_1_228' title='bbox 502 2886 550 2953; x_wconf 87' lang='lat' dir='ltr'>jam</span> <span class='ocrx_word' id='word_1_229' title='bbox 567 2889 683 2955; x_wconf 86' lang='lat' dir='ltr'>captanda</span> <span class='ocrx_word' id='word_1_230' title='bbox 698 2890 835 2955; x_wconf 86' lang='lat' dir='ltr'>putabunt,</span> 
     </span>
     <span class='ocr_line' id='line_1_35' title="bbox 252 2959 804 3030; baseline 0.002 -18"><span class='ocrx_word' id='word_1_231' title='bbox 252 2962 322 3024; x_wconf 88' lang='lat' dir='ltr'>Quos</span> <span class='ocrx_word' id='word_1_232' title='bbox 339 2961 431 3012; x_wconf 85' lang='lat' dir='ltr'>faciunt</span> <span class='ocrx_word' id='word_1_233' title='bbox 445 2959 518 3028; x_wconf 84' lang='lat' dir='ltr'>justos</span> <span class='ocrx_word' id='word_1_234' title='bbox 534 2962 594 3030; x_wconf 77' lang='lat' dir='ltr'>ignis</span> <span class='ocrx_word' id='word_1_235' title='bbox 611 2962 636 3012; x_wconf 85' lang='lat'>&amp;</span> <span class='ocrx_word' id='word_1_236' title='bbox 650 2963 715 3013; x_wconf 89' lang='lat' dir='ltr'>unda</span> <span class='ocrx_word' id='word_1_237' title='bbox 730 2964 804 3013; x_wconf 83' lang='lat' dir='ltr'>viros.</span> 
     </span>
     <span class='ocr_line' id='line_1_36' title="bbox 216 3033 885 3104; baseline 0.01 -19"><span class='ocrx_word' id='word_1_238' title='bbox 216 3034 254 3085; x_wconf 86' lang='lat' dir='ltr'>En</span> <span class='ocrx_word' id='word_1_239' title='bbox 269 3036 354 3085; x_wconf 86' lang='lat' dir='ltr'>iterum</span> <span class='ocrx_word' id='word_1_240' title='bbox 370 3035 445 3088; x_wconf 85' lang='lat' dir='ltr'>tesior</span> <span class='ocrx_word' id='word_1_241' title='bbox 460 3052 467 3085; x_wconf 76' lang='grc' dir='ltr'><em>τ</em></span> <span class='ocrx_word' id='word_1_242' title='bbox 484 3036 542 3086; x_wconf 90' lang='lat' dir='ltr'>nihii</span> <span class='ocrx_word' id='word_1_243' title='bbox 557 3033 616 3095; x_wconf 85' lang='lat' dir='ltr'>hic,</span> <span class='ocrx_word' id='word_1_244' title='bbox 633 3036 679 3087; x_wconf 80' lang='lat' dir='ltr'>nisi</span> <span class='ocrx_word' id='word_1_245' title='bbox 694 3038 749 3104; x_wconf 82' lang='lat' dir='ltr'>lege</span> <span class='ocrx_word' id='word_1_246' title='bbox 761 3034 885 3091; x_wconf 69' lang='lat' dir='ltr'>renium</span> 
     </span>
     <span class='ocr_line' id='line_1_37' title="bbox 254 3106 981 3181; baseline 0.003 -24"><span class='ocrx_word' id='word_1_247' title='bbox 254 3106 353 3160; x_wconf 89' lang='lat' dir='ltr'>Luditur</span> <span class='ocrx_word' id='word_1_248' title='bbox 366 3110 390 3161; x_wconf 89' lang='lat' dir='ltr'>in</span> <span class='ocrx_word' id='word_1_249' title='bbox 404 3109 487 3163; x_wconf 86' lang='lat' dir='ltr'>nosstis</span> <span class='ocrx_word' id='word_1_250' title='bbox 502 3110 580 3161; x_wconf 80' lang='lat' dir='ltr'>insiita</span> <span class='ocrx_word' id='word_1_251' title='bbox 596 3111 661 3163; x_wconf 79' lang='lat' dir='ltr'>nulla</span> <span class='ocrx_word' id='word_1_252' title='bbox 674 3109 747 3181; x_wconf 85' lang='lat' dir='ltr'>jocis.</span> <span class='ocrx_word' id='word_1_253' title='bbox 927 3108 981 3159; x_wconf 88' lang='lat'>600</span> 
     </span>
    </p>
   </div>
   <div class='ocr_carea' id='block_1_4' title="bbox 0 0 1200 3892">
    <p class='ocr_par' dir='ltr' id='par_1_4' title="bbox 0 0 1200 3892">
     <span class='ocr_line' id='line_1_38' title="bbox 0 0 1200 3892; baseline 0 0"><span class='ocrx_word' id='word_1_254' title='bbox 0 0 1200 3892; x_wconf 95' lang='lat' dir='ltr'> </span> 
     </span>
    </p>
   </div>
  </div>
 </body>
</html>
