2392 3892
166 489 170 526 ζ
265 428 422 497 er
446 429 726 512 Illlz'tncu
753 434 823 504 ΠΙ.
854 423 926 532 175

221 548 263 599 Pes
278 561 331 599 erat
345 549 449 615 exiguus
467 548 556 614 :pedis
574 548 608 599 est
623 549 745 614 aptissima
761 551 848 602 forma.

252 622 335 688 Longa
352 621 490 687 decensque
505 622 571 672 fuit:
588 623 661 688 longa
674 622 811 688 decensque
825 638 916 678 manet.

219 693 323 763 Argutos
340 694 444 752 habuit,
461 694 553 743 radiant
570 706 597 743 ut
615 695 699 752 sidus,
716 689 830 755 ocellos;

252 768 298 817 l’er
313 783 374 834 quos
391 767 491 815 mentita
506 767 539 816 est
555 766 645 832 perfida
663 767 724 833 saepe
740 769 806 817 milri.
936 786 968 822 10

219 840 316 890 Scilicet
332 837 427 889 aeternci
446 840 528 889 falsum
546 839 627 906 jurare
644 841 730 906 puellis

251 912 285 963 Dl
300 929 398 979 quoque
412 913 551 962 concedunt
563 930 572 972 ς
589 913 714 980 formaque
729 929 819 965 numen
833 915 916 967 habet.

217 984 310 1053 Perque
327 986 382 1036 suos
397 985 461 1035 illam
476 1003 553 1052 nuper
567 985 654 1053 juraffe
671 987 808 1048 recordor,

251 1058 346 1125 Perque
362 1074 429 1107 meos
446 1061 552 1116 oculos;
572 1059 597 1109 ὅ(
614 1060 715 1112 doluere
730 1060 789 1112 mei.

217 1130 318 1190 Dicite,
337 1130 393 1188 Dl3
410 1131 432 1181 si
447 1148 492 1181 vos
508 1132 604 1198 impune
621 1131 695 1182 fefell
705 1132 738 1202 ,qt
753 1134 813 1195 illa,
936 1146 966 1196 15

202 1257 205 1263 ,
252 1202 361 1253 Alterius
377 1204 468 1254 meritis
486 1221 590 1270 turego
607 1205 691 1253 damna
704 1204 771 1256 tuli?

217 1274 250 1325 At
266 1292 315 1325 non
330 1275 424 1326 invidiae
440 1278 510 1328 vobis
527 1276 640 1341 Cepheia
655 1276 723 1344 virgo
741 1278 794 1338 est,

252 1347 298 1397 l‘ro
314 1350 377 1398 male
392 1348 500 1399 formosi
515 1347 573 1415 julia
589 1361 689 1415 parente
707 1350 777 1399 mori.

217 1421 273 1470 Non
287 1419 342 1472 satis
355 1419 410 1480 est,
427 1422 492 1487 quod
508 1438 552 1471 vos
567 1422 640 1471 habui
650 1422 709 1490 ,sine
725 1420 833 1488 pondere
849 1422 939 1481 testes,

250 1493 282 1543 Er
297 1509 392 1544 mecum
407 1495 471 1545 lusos
487 1494 550 1545 ridet
568 1495 644 1545 inulta
659 1495 740 1545 Deos.
933 1510 967 1544 20

216 1566 249 1616 Ut
264 1565 305 1616 sua
320 1583 365 1633 per
380 1567 482 1617 nostram
498 1568 601 1618 redimat
616 1566 722 1634 perjuria
738 1583 853 1634 poenam,

250 1638 353 1691 Victima
372 1639 488 1706 deceptus
507 1641 649 1707 decipientis
667 1636 734 1690 ero?

216 1711 265 1762 Aut
279 1712 331 1763 sine
346 1729 372 1762 re
389 1729 476 1763 nomen
492 1714 562 1764 Deus
578 1714 629 1769 est,
647 1709 777 1779 frustraque
793 1712 913 1783 timetu33

250 1784 282 1835 Et
297 1784 367 1835 stulta
382 1788 486 1851 populos
507 1786 650 1836 credulitate
669 1799 762 1835 movet.

216 1853 285 1916 Aut„
301 1857 326 1908 ‚si
336 1858 389 1923 quis
400 1859 469 1909 Deus
486 1858 538 1917 est,
558 1871 654 1909 teneras
669 1871 731 1907 amat
741 1859 783 1910 ille
799 1858 892 1925 puellus
900 1873 910 1917 5
932 1870 964 1919 25

251 1929 281 1980 Et
298 1928 395 1980 nimirlm
413 1930 473 1983 solas
492 1932 569 1982 omnia
587 1932 652 1999 polle
668 1930 748 1998 jubet.

216 2002 292 2053 Nobis
307 2004 403 2054 fatifero
419 2005 520 2055 Mavors
537 2005 670 2071 accingitur
688 2005 765 2055 ense:

167 2091 176 2108 r
251 2076 304 2125 Nos
314 2077 382 2142 'petit
397 2071 484 2127 invicti
501 2076 604 2127 Palladis'
618 2076 683 2139 haste
699 2094 780 2125 manu.

215 2148 291 2210 Nubis
306 2148 423 2200 flexibiles
441 2162 571 2199 curvantur
586 2147 706 2214 Apollinis
722 2163 812 2197 arcus:

250 2222 278 2271 ln
294 2237 337 2273 nos
354 2224 402 2273 alra
418 2222 488 2274 Jovis
503 2222 604 2271 dextera
622 2220 712 2269 fulmen
725 2220 808 2268 habet.
932 2230 966 2283 30

215 2295 338 2345 Formosas
353 2295 439 2361 Superi
455 2305 566 2345 metuunt
584 2291 709 2344 offendere
725 2292 795 2342 laesi:

250 2368 332 2433 Atque
347 2370 430 2428 ultro,
449 2386 502 2435 quae
517 2368 540 2418 se
557 2384 607 2417 non
620 2366 743 2423 timuere,
760 2364 858 2415 timent.

214 2438 245 2489 Er
261 2442 383 2508 quisquam
401 2443 440 2507 pia
455 2456 508 2492 tura
525 2441 586 2491 focis
603 2439 726 2505 imponere
746 2436 839 2489 curet?

251 2512 327 2561 Certe
343 2515 396 2579 plus
414 2516 485 2565 animi
503 2516 576 2565 debet
592 2511 664 2563 inelie
679 2512 746 2562 viris.

212 2585 325 2651 luppiter
340 2586 396 2652 igne
412 2586 453 2637 suo
469 2590 538 2638 lucos
554 2587 673 2653 jaculatur
690 2586 716 2636 δι
731 2600 821 2642 arces;
931 2592 964 2645 35

249 2655 367 2721 Miffaque
383 2659 493 2724 perjuras
508 2661 559 2709 tela
575 2659 648 2708 ferire
665 2669 743 2708 vetat.

213 2732 265 2781 Tot
282 2744 394 2790 meruere
409 2732 478 2794 peti:
495 2732 591 2781 Semele
607 2730 744 2779 miserabilis
761 2725 842 2777 arsita

249 2800 341 2853 Officio
360 2800 392 2850 est
408 2802 443 2851 illi
460 2819 532 2869 poena
547 2815 643 2867 reperte
661 2801 713 2851 sue.

212 2877 246 2931 At
264 2877 284 2925 si
299 2886 404 2933 venturo
422 2875 445 2925 se
463 2874 607 2925 fubduxiliet
624 2873 731 2931 amanti,

250 2951 306 2998 Non
323 2960 393 3014 pater
410 2949 435 2998 in
451 2948 549 2999 Baccho
566 2950 648 2997 matris
665 2948 767 2997 haberet
785 2958 856 2995 οπως.
928 2957 964 3005 40

213 3022 280 3085 Quid
295 3020 406 3088 queror?
425 3024 451 3073 &
468 3022 516 3074 toti
530 3021 594 3071 facio
612 3020 722 3071 convicia
738 3016 824 3069 coelo?

250 3092 285 3143 Dl
296 3111 390 3165 quoque
400 3097 491 3150 habent
502 3096 588 3149 oculos
600 3111 608 3149 ι
620 3093 655 3147 Di
664 3108 760 3164 quoque
771 3090 853 3161 petius
863 3090 966 3139 habent.

811 3184 837 3234 Η
850 3184 874 3234 iv
