2392 3892
351 480 629 548 Hanornrs.
657 484 732 547 ΕΡ.
757 482 788 549 Ι.
886 502 909 577 3

201 591 229 645 Si
244 612 349 655 maneo,
364 599 457 663 qualis,
471 596 548 663 Troja
563 598 682 655 durante,
697 599 841 659 manebam3

228 670 334 735 ·Virque
350 672 407 719 mihi
422 672 503 720 demto
514 671 561 719 fine
574 670 692 720 carendus
706 670 786 719 abes?
924 681 957 730 50

189 740 291 789 'Diruta
306 742 359 793 sunt
373 744 445 801 aliis,
461 744 502 792 uni
515 744 575 792 mihi
590 743 706 810 Pergama
720 742 823 802 restant,

239 814 325 864 Incola'
337 818 434 881 captivo
449 833 501 881 quae
513 817 577 866 bove
592 816 669 865 vidior
684 828 743 865 arat.

198 883 215 938 J
220 902 256 933 em
269 886 335 955 seges
350 889 383 937 est
397 889 438 937 ubi
451 887 529 951 Troia
543 889 606 947 suit,
620 888 797 953 resecandaque
808 888 873 939 salte

181 985 186 1002 ι.
240 959 356 1009 Luxuriat
370 960 604 1027 Phrygiovsanguine
620 960 713 1026 pinguis
729 960 826 1010 humus.

198 1031 362 1098 Semisepulta
376 1032 453 1081 virdm
469 1033 547 1082 curvis
566 1033 685 1082 feriuntur
699 1034 786 1086 aratris

241 1104 301 1153 Ossa
318 1121 324 1153 :
341 1104 446 1154 ruinosas
462 1105 552 1155 occulit
567 1107 643 1156 uerba
660 1106 753 1158 domos.

196 1177 291 1234 Vistor
302 1178 359 1227 abes
371 1195 379 1236 ς
395 1196 440 1228 nec
453 1179 512 1229 scire
523 1179 573 1230 mih
581 1180 598 1237 s,
613 1197 664 1246 quae
676 1179 745 1229 causa
757 1179 881 1240 morandi,

238 1250 290 1300 Aut
304 1251 329 1299 in
345 1268 392 1316 quo
402 1252 481 1313 *lateas
495 1252 587 1302 ferreus
601 1254 677 1311 orbe,
694 1254 762 1303 licet.

197 1323 316 1389 Quisquis
331 1315 427 1374 ad'haec
441 1326 515 1375 vertit
528 1326 679 1391 peregrinam
692 1327 763 1376 litora
775 1325 888 1394 puppim,

236 1397 284 1447 flle
299 1397 358 1445 mihi
375 1396 405 1445 de
419 1409 445 1445 te
459 1398 534 1445 multa
546 1409 645 1463 rogatus
661 1398 718 1447 abit.
922 1390 957 1443 60

196 1469 331 1536 Quamque
343 1469 387 1517 tibi
397 1468 497 1527 reddat,
509 1470 529 1519 si
540 1479 565 1519 te
576 1467 649 1520 modd
659 1469 749 1521 vidzrit
760 1470 871 1536 usquam,

235 1543 355 1593 Traditur
368 1541 423 1590 duic
439 1542 518 1609 digitis
533 1543 615 1592 charta
630 1555 713 1593 notata
731 1544 801 1593 meis.

194 1617 251 1667 Nos
265 1614 362 1681 Pylon,
380 1615 470 1681 antiqui
486 1614 575 1664 Neleia
592 1615 700 1666 Nestoris
715 1632 790 1674 arva,

188 1707 191 1712 ⁴
236 1688 347 1737 Misimus
364 1704 371 1737 ε
388 1689 481 1737 incerta
497 1687 530 1738 est
545 1688 606 1737 sama
621 1688 711 1738 remissa
727 1688 799 1756 Pylo.

195 1761 312 1813 Misimus
329 1762 469 1826 &Sparten
484 1761 590 1826 :Sparte
606 1779 702 1828 quoque
715 1763 794 1812 nescia
804 1761 869 1823 veri,
918 1758 951 1825 65

235 1832 305 1895 Quas
320 1833 411 1883 habitas
425 1847 519 1893 terras,
532 1831 574 1883 aut
588 1836 628 1883 ubi
642 1838 721 1885 lentus
736 1833 814 1885 abes?

196 1904 288 1959 Utilids
303 1906 390 1955 starent
404 1906 476 1956 etiam
488 1924 551 1957 nunc
567 1908 654 1958 moenia
665 1908 759 1960 Phoebi.

235 1979 327 2028 Irascor
341 1980 405 2028 votis
419 1981 469 2028 heu
486 1980 492 2030 !
511 1981 570 2030 levis
585 1980 633 2046 ipsa
646 1982 715 2031 meis.

197 2054 291 2118 Scirem
304 2052 345 2100 ubi
360 2069 497 2119 pugnares,
515 2054 540 2103 δι
554 2052 645 2103 tantdtn
661 2056 723 2104 bella
737 2054 865 2116 timerem;

233 2126 265 2174 Et
281 2142 334 2174 mea
349 2141 403 2174 cum
419 2126 499 2175 multis
513 2125 593 2192 junsia
607 2129 705 2196 queqela
719 2128 793 2177 soret.
913 2147 950 2195 70

197 2198 263 2263 Quid
276 2198 373 2247 timeam
389 2199 476 2264 ignoro
490 2214 498 2247 t
514 2199 588 2248 timeo
602 2211 682 2248 tamen
695 2201 775 2250 omnia
784 2201 901 2260 demens,

232 2272 264 2321 Et
277 2282 346 2336 patet
358 2271 384 2320 in
397 2286 466 2319 curas
477 2287 533 2320 area
545 2272 595 2318 lata
609 2288 684 2319 meas.

197 2343 363 2411 Quacumque
373 2359 457 2409 aequor
465 2343 705 2409 habet,quaecumque
714 2343 821 2410 pericula
829 2348 910 2399 tellus,

231 2417 294 2467 Tam
307 2418 386 2483 longae
401 2416 482 2466 causas
495 2415 600 2482 suspicor
614 2415 661 2467 esse
676 2433 758 2468 more.

195 2489 257 2539 Haec
266 2506 313 2557 ego
323 2490 379 2539 dum
390 2487 459 2539 stulte
467 2489 585 2549 meditor,
597 2508 650 2557 quae
660 2490 737 2542 vestra
746 2491 820 2543 libido
830 2493 864 2545 est
870 2527 879 2555 ‚
908 2514 942 2565 75

228 2562 283 2613 Esse
298 2564 427 2629 peregrino
442 2576 525 2629 captus
539 2580 620 2614 amore
635 2577 716 2630 potes.

193 2636 308 2703 Forsitan
324 2636 350 2685 dt
365 2652 466 2695 narres,
481 2637 593 2704 quamsit
605 2637 648 2687 tibi
658 2639 742 2689 russica
753 2633 860 2706 conjux,

229 2708 295 2773 Quae
310 2706 402 2757 tantdrn
412 2711 477 2760 lanas
492 2726 541 2759 non
555 2711 619 2761 sinat
629 2710 675 2761 esse
687 2712 770 2763 rudes.

193 2781 269 2833 falsat
281 2798 291 2840 ς
309 2780 336 2831 &
350 2781 398 2829 hoc
411 2784 500 2833 crimen
513 2796 600 2835 tenues
614 2784 727 2834 vanescat
737 2786 763 2834 in
772 2774 860 2835 ntitas:

227 2856 317 2913 Neve,
332 2855 471 2904 revertendi
481 2857 558 2916 libet,
572 2856 650 2907 abesse
662 2858 734 2907 velis.
911 2885 945 2937 80

193 2926 237 2979 Me
250 2940 320 2994 pater
335 2928 425 2977 Icarius
441 2929 515 2979 viduo
529 2929 651 2981 discedere
662 2930 726 2978 lesio

228 3000 320 3069 Cogit,
337 3001 364 3052 &
378 2996 502 3056 immensas
517 3002 628 3069 increpat
641 3002 714 3068 usque
727 3019 815 3068 mpras.

191 3072 305 3138 Increpet
318 3073 394 3141 usque
408 3074 468 3122 licet
479 3090 487 3123 t
497 3088 540 3124 tua
553 3076 621 3130 sum,
637 3085 679 3123 tua
689 3075 755 3125 dicar
764 3088 874 3141 oportet.

226 3144 353 3218 Penelope
370 3144 462 3217 conjux
478 3145 570 3215 semper
584 3147 681 3217 ulyssis
696 3151 752 3198 ero:
780 3216 795 3228 ..

745 3218 797 3285 Aa
