2392 3892
284 459 337 514 na
362 436 481 511 Arra
506 430 701 508 ἈΜΑΝυι
727 436 766 507 L.
792 438 824 510 I.
850 460 922 513 201

233 560 252 612 Si
264 580 301 629 qua
314 560 462 628 repugnirat
477 557 592 616 nimium,
612 561 774 624 comitemque
792 561 892 628 regirat
904 580 913 622 ;

257 636 369 686 Sublatam
386 633 481 698 cupido.
493 633 529 681 vir
544 633 600 681 tulit
615 631 663 696 ipse
681 632 743 681 sinu.

194 739 196 743 ν
229 706 294 775 Atque
304 710 338 758 ita
349 740 357 767 ,
376 706 443 770 Quid
453 718 552 755 teneros
563 704 675 771 lacrymis
687 706 819 769 corrumpis
830 709 923 760 ocellos
937 706 947 757 ἓ

255 781 324 845 Quod
339 780 410 829 matri
424 789 493 845 pater
512 777 564 835 est,
583 779 630 826 hoc
648 778 711 834 tibi,
731 778 806 836 dixit,
825 797 877 833 ero.
934 787 985 847 130

214 853 335 912 .Romule,
355 851 468 902 militibus
485 851 546 899 scisti
561 850 619 899 dare
637 851 763 901 commoda
779 851 853 903 solus.

253 927 310 977 llaec
325 926 383 975 milri
399 924 420 973 si
437 924 533 973 dederis
549 924 694 982 commoda,
714 924 783 973 miles
799 940 854 979 ero.

224 998 312 1050 Scilicet
328 1014 360 1049 ex
375 999 419 1048 illo
434 996 557 1045 sollemnia
572 1013 639 1045 more
656 998 751 1046 theatra

252 1074 321 1123 Nunc
336 1085 434 1138 quoque
450 1069 561 1119 formosis
578 1070 688 1119 insidiosa
706 1082 813 1122 manent.

222 1144 269 1195 Nec
286 1157 313 1195 te
329 1143 445 1194 nobilium
460 1143 536 1210 fugiat
553 1155 675 1193 certamen
693 1159 830 1211 equorum:
937 1158 984 1211 135

252 1218 331 1268 Multa
347 1232 423 1282 capax
439 1217 522 1281 populi
538 1217 664 1265 commoda
680 1215 765 1267 Circus
780 1218 865 1268 habet.

221 1290 257 1341 Nil
272 1306 333 1357 opus
348 1290 381 1339 est
397 1288 496 1356 digitis,
515 1305 558 1354 per
573 1306 633 1353 quos
648 1305 734 1338 arcana
749 1291 854 1355 loquaris
866 1306 879 1342 e·

252 1365 306 1414 Nec
322 1363 366 1413 tibi
380 1378 425 1430 per
440 1374 511 1411 nutus
527 1361 667 1426 accipienda
682 1372 740 1409 nota
756 1362 798 1410 eli.

220 1435 340 1489 Proximus
356 1454 370 1486 a
385 1435 499 1492 domina,
516 1436 584 1492 nullo
600 1433 766 1500 prohibente,
782 1432 885 1486 secieto:

251 1509 331 1578 lunge
345 1520 413 1559 tuurn
427 1508 515 1565 lateri,
530 1511 600 1578 quim
614 1519 685 1571 potes
697 1538 704 1564 ,
721 1519 795 1572 usque
808 1508 893 1557 latus:
936 1522 986 1569 140

217 1582 247 1633 Et
263 1585 346 1641 bene,
364 1580 429 1647 quod
446 1581 529 1647 cogit,
548 1580 569 1631 si
584 1580 668 1638 nolis,
687 1580 750 1629 linea
765 1577 832 1647 jungi
845 1596 853 1638 ;

251 1655 327 1718 Quod
344 1653 389 1703 tibi
402 1654 522 1720 tangenda
537 1654 571 1703 est
585 1654 641 1720 lege
657 1654 737 1718 puella
753 1652 814 1703 loci.

216 1728 262 1779 Hic
279 1728 322 1778 tibi
340 1738 459 1792 quaeratur
477 1725 534 1775 socii
550 1724 664 1777 sermonis
681 1726 769 1792 origo,

250 1801 283 1851 Et
296 1810 411 1849 moveant
424 1798 515 1866 primos
530 1798 624 1865 publica
641 1799 714 1849 verba
731 1799 812 1848 sonos.

215 1871 292 1939 Cujus
308 1873 365 1939 equi
378 1874 494 1934 veniant,
511 1872 603 1931 facito,
618 1871 739 1931 studiose,
756 1871 874 1940 requiras.
936 1888 983 1937 145

250 1948 306 1996 Nec
323 1962 409 2003 mora;
428 1948 531 2013 quisquis
549 1948 613 2003 erit,
632 1947 670 1996 cui
687 1946 754 1997 favet
769 1946 827 2006 illa,
846 1948 912 1999 save.

213 2018 248 2070 At
267 2017 320 2070 cuim
335 2034 422 2086 pompa
436 2020 549 2086 frequens
567 2020 709 2069 Coelesiibus
726 2020 771 2069 ibit
785 2022 902 2079 eburnis,

251 2092 293 2141 Tu
308 2092 402 2144 Veneri
416 2092 518 2141 dominae
532 2093 619 2157 plaude
636 2092 735 2141 favente
751 2107 832 2142 manu.

214 2166 299 2230 thue
315 2163 359 2224 fit,
379 2165 403 2213 in
421 2164 534 2231 gremium
550 2164 628 2228 pulvis
645 2164 665 2212 si
680 2164 746 2212 sorte
763 2164 850 2227 puellae

251 2236 397 2296 Deciderit,
418 2237 496 2302 digitis
512 2234 671 2284 excutiendus
688 2233 744 2285 erit.
937 2252 987 2299 150

214 2312 267 2369 Et,
286 2311 401 2360 si'nullus
416 2310 463 2359 erit
479 2309 557 2375 pulvis
567 2320 673 2367 ,·tamen
687 2319 777 2358 excute
794 2308 896 2361 nullum.

251 2382 375 2446 Quaelibet
392 2381 473 2433 officio
491 2381 559 2431 causa
578 2380 610 2430 sit
625 2393 680 2445 apta
698 2394 751 2430 tuo.

214 2456 291 2508 Pallia
307 2456 326 2505 si
341 2454 406 2505 terri
421 2452 517 2506 nimitirn
532 2452 619 2504 dimissa
635 2452 768 2517 jacebunt3

253 2527 369 2595 Collige,
390 2528 415 2578 &
432 2526 551 2579 immundi
566 2527 661 2578 sedulus
676 2526 737 2577 effer
752 2528 835 2580 humo.

194 2633 200 2647 c
213 2601 329 2654 Protinus
345 2597 425 2650 officio
441 2602 562 2666 pretium,
580 2600 688 2665 patiente
703 2601 805 2665 puella,
937 2612 985 2663 155

254 2672 405 2737 Contingent
421 2673 497 2721 oculis
514 2688 584 2720 crura
598 2672 702 2721 videnda
719 2672 776 2720 tuis.

215 2745 320 2810 Respice
335 2752 471 2807 praterea,
491 2742 543 2808 post
554 2759 603 2808 ‚vos
620 2744 762 2807 quicumque
779 2738 889 2803 sedebit,

253 2820 293 2869 Ne
309 2826 403 2882 premat
418 2815 532 2878 opposito
547 2815 629 2863 mollia
643 2826 712 2879 terga
728 2830 801 2880 genu.

217 2890 294 2944 Parva
311 2892 377 2940 leves
394 2887 492 2952 capiunt
508 2886 598 2936 animos
615 2902 623 2936 c
638 2886 683 2935 suit
698 2887 757 2937 utile
773 2888 872 2948 mudtic,

254 2962 379 3013 Pulvinum
394 2958 461 3024 facili
475 2957 629 3025 composuisse
645 2975 727 3009 manu.
936 2965 986 3016 160

218 3034 312 3088 Profuit
328 3036 353 3085 &
369 3035 439 3084 tenui
452 3047 528 3083 vento
544 3030 642 3081 movisse
657 3032 789 3092 tabellam3

255 3106 287 3157 Et
302 3124 358 3162 cava
374 3108 415 3160 sub
431 3120 541 3161 tenerum
559 3105 651 3159 scamna
667 3104 754 3160 dedisse
771 3108 867 3175 pedem.

836 3202 847 3250 l
862 3217 879 3252 t
