2392 3892
240 474 394 545 Lraan
415 458 489 543 III.
513 476 700 541 Eunoni
725 472 791 543 VI.
823 473 891 544 181

197 590 240 644 Ter
255 594 338 645 molita
353 594 453 661 fugam,
472 606 511 644 ter
528 593 557 643 ad
572 595 633 643 altas
649 590 734 642 restitit
748 592 845 652 undas,

188 700 197 712 s
225 663 346 717 Currendi
361 667 427 716 vires
444 667 562 733 eripiente
576 669 654 716 metu.
903 679 940 730 70

197 737 247 790 iera
262 754 344 789 tamen
361 739 471 789 scindens
486 740 582 788 inimico
597 739 687 805 pollice
705 737 815 804 crinem,

226 811 305 862 Edidit
321 812 432 879 indignos
451 827 494 861 ore
511 824 630 861 tremente
647 811 740 861 sonos:

198 882 218 933 0
233 884 239 933 l
256 885 348 935 utinam
360 900 414 935 mea
429 885 491 933 ledia
506 885 610 941 forent,
627 886 753 951 patrioque
770 882 882 949 sepulcro

227 956 330 1007 Condita
343 988 351 1016 ‚
369 957 425 1007 dum
440 970 552 1023 poterant
566 957 664 1026 virginis
680 957 727 1007 olla
742 955 812 1025 legi!

197 1028 241 1080 Cur
256 1028 332 1081 modd
344 1029 449 1080 Vestalis
466 1030 542 1081 taedas
557 1030 647 1081 invitor
662 1030 692 1079 ad
708 1031 771 1081 ullas
905 1040 939 1093 75

224 1103 334 1169 Turpis,
353 1102 378 1153 δι
396 1103 474 1153 Iliacis
490 1102 615 1153 inficianda
632 1100 717 1154 focis?

195 1172 255 1239 Quid
271 1173 378 1225 moror?
399 1191 430 1225 en
445 1176 524 1243 digitis
542 1177 655 1243 designor
672 1176 782 1227 adultera
797 1174 877 1243 vulp'.

226 1248 299 1300 Desit
316 1248 438 1305 famosus,
459 1250 499 1314 qui
516 1262 586 1299 notet
601 1266 662 1306 ora,
681 1251 768 1315 pudor.

193 1316 330 1380 Haileuuu
348 1322 373 1373 δι
386 1320 476 1371 vestem
492 1322 586 1370 tumidis
602 1322 729 1386 praetendit
743 1320 848 1370 ocellis:

226 1396 305 1461 Atque
321 1396 355 1445 ita
370 1394 394 1443 se
409 1394 435 1443 in
452 1394 546 1460 rapidas
559 1393 653 1460 perdita
670 1393 734 1442 misit
748 1409 831 1458 aquas.
904 1390 939 1442 80

193 1465 339 1532 Supposuilie
354 1483 437 1516 manus
451 1467 481 1515 ad
497 1466 595 1533 peiiora
611 1465 717 1515 lubricus
732 1465 806 1515 amnis

224 1540 341 1598 Dicitur}
357 1540 383 1589 δι
399 1538 456 1594 socii
472 1537 526 1605 jura
542 1538 630 1589 dediffe
647 1538 705 1588 tori.

192 1609 228 1662 Te
244 1628 341 1679 quoque
358 1612 472 1661 credibile
491 1611 524 1662 eli
540 1612 619 1677 aliqui
637 1609 730 1661 caluill'e
749 1608 830 1676 puelli
840 1625 851 1668 ;

224 1686 271 1735 Sed
288 1700 389 1735 nemora
407 1685 432 1735 δι
448 1685 516 1735 silvae
535 1686 632 1735 crimina
648 1684 724 1734 vestra
739 1695 834 1750 tegunt.

192 1757 253 1808 Dum
268 1761 377 1825 loquor,
395 1758 498 1808 increvit
515 1759 571 1809 latis
587 1756 712 1823 spatiosius
728 1758 820 1814 undis,
905 1750 937 1819 85

224 1833 278 1890 Nec
295 1832 360 1897 capit
375 1830 480 1882 admillas
499 1833 582 1881 alveus
598 1834 663 1881 altus
677 1847 759 1897 aquas.

191 1903 256 1969 Quid
273 1921 387 1962 mecum,
407 1904 514 1963 furiose,
533 1903 598 1954 tibi?
618 1906 676 1971 quid
692 1916 773 1955 mutua
791 1900 873 1953 differs

225 1976 342 2029 Gaudia?
363 1977 419 2043 quid
434 1990 559 2043 coeptum,
581 1978 687 2037 rullice,
705 1978 793 2041 rumpis
810 1977 856 2025 iter
869 1973 881 2024 l

189 2048 275 2114 Quid,
293 2051 314 2101 si
329 2051 461 2118 legitimum
476 2051 584 2107 (lueres,
603 2052 623 2100 si
640 2052 720 2099 nobile
737 2046 848 2097 flumen?

223 2124 250 2174 Si
265 2124 309 2174 tibi
322 2140 366 2190 per
382 2136 459 2173 terras
476 2123 578 2171 maxima
593 2122 655 2170 fama
670 2119 758 2170 foret?
903 2129 939 2181 90
960 2141 965 2154 ›

186 2195 284 2254 Nomen
299 2197 373 2246 babes
390 2198 500 2252 nullum,
519 2194 578 2243 rivis
597 2193 699 2242 collede
715 2191 836 2241 caducist

222 2271 277 2319 Nec
292 2269 335 2318 tibi
352 2270 405 2319 sunt
422 2268 522 2324 fontes,
541 2282 586 2315 nec
601 2266 645 2314 tibi
662 2276 728 2314 certa
744 2264 840 2315 domus.

186 2341 271 2393 Fontis
288 2343 362 2392 habes
379 2340 448 2392 instar
464 2340 618 2406 pluviamque
633 2338 749 2403 nivesque
765 2337 877 2394 solutas3

189 2436 194 2441 ·
223 2414 292 2479 Quas
307 2416 351 2465 tibi
368 2414 462 2465 diuitias
475 2415 541 2480 pigra
557 2411 671 2462 ministrat
686 2411 772 2460 hiems.

184 2484 237 2537 Aut
253 2489 386 2538 lutulentus
402 2488 451 2555 agis
468 2488 568 2537 brumali
583 2501 693 2552 tempore
709 2484 812 2534 cursus:
905 2492 938 2545 95

221 2561 272 2610 Aust
288 2562 376 2626 premis
392 2572 502 2609 arentem
515 2560 698 2625 pulverulentus
714 2559 825 2607 humum.

185 2632 247 2697 Quis
264 2644 290 2681 te
305 2644 357 2682 tum
374 2634 454 2695 potuit
471 2632 554 2682 sitiens
568 2632 664 2681 haurire
679 2629 786 2680 viator?

222 2704 286 2769 Quis
301 2703 369 2769 grati
383 2704 442 2752 dixit
457 2719 539 2760 voce,
559 2702 674 2752 Perennis
691 2719 731 2752 eas
744 2699 755 2749 i

183 2776 322 2830 Damnosus
338 2773 423 2840 pecori
438 2776 533 2830 curris,
553 2775 692 2823 damnosior
705 2771 779 2840 agris.

223 2842 335 2901 Forsitan
352 2848 404 2897 baec
421 2846 500 2903 alios3
519 2863 557 2894 me
574 2862 627 2894 mea
643 2846 726 2895 damna
741 2855 853 2894 movent.
909 2855 959 2897 100

183 2924 251 2975 Huic
261 2940 309 2991 ego
321 2957 328 2983 ,
348 2939 385 2971 vae
400 2919 405 2969 !
422 2920 520 2969 demens
532 2919 655 2967 narrabam
666 2918 789 2969 fluminum
798 2931 906 2968 amores.

224 2996 321 3049 Jauasse
337 2996 436 3061 indigno
454 2993 549 3043 nomina
567 3004 634 3042 tanta
650 2992 736 3058 pudet.

184 3068 278 3122 Nescio
290 3070 343 3131 quid
354 3069 461 3135 spetians
473 3100 480 3125 ,
498 3066 628 3115 Acheloon
640 3066 665 3115 ὃ(
678 3065 785 3117 Inachon
794 3080 898 3127 amum,

223 3140 256 3192 Et
272 3141 343 3208 potui
355 3159 465 3202 nomen,
481 3141 557 3201 Nilo,
573 3139 665 3192 referte
682 3151 769 3200 tuum,
