2392 3892
280 455 351 525 182
401 451 891 525 omnrrAnonun

217 589 248 625 ιο
253 589 264 636 5
277 576 310 625 At
326 575 371 625 tibi
386 590 430 642 pro
447 573 538 623 meritis
552 586 632 639 opto,
651 590 700 623 non
717 573 819 624 candide
834 588 952 637 torrens.

313 648 366 698 Sint
381 647 458 715 rapidi
472 646 556 706 soles,
572 646 684 714 siccaque
700 646 793 717 sem'pcr
809 648 897 699 hiems.

306 752 955 827 «πεζῇ-ἐει

424 873 676 939 ELEGIA
724 874 842 938 vll.

278 966 369 1086 Aa
382 1050 431 1083 non
441 1033 546 1085 fonnosa
556 1033 589 1085 est
601 1050 609 1085 t
621 1048 647 1086 at
656 1036 779 1085 notabere
789 1033 854 1085 cuita
865 1035 967 1101 pucilat

314 1105 367 1163 At,
385 1120 466 1173 puto,
481 1126 531 1158 non
546 1108 611 1157 votis
623 1108 693 1174 'saepe
708 1109 784 1175 petita
800 1107 879 1158 meisa

278 1178 349 1229 Hanc
364 1182 483 1229 tamenin
498 1182 577 1230 nunes
592 1181 661 1231 tenui
675 1182 736 1231 male
754 1180 880 1248 languidus
894 1178 973 1240 usus,

314 1250 364 1301 Sed
378 1250 442 1318 jacui
458 1252 529 1321 pigro
545 1253 636 1303 crimen
652 1270 760 1321 onusque
770 1265 842 1305 toro.

254 1323 333 1386 5Ncc
351 1325 421 1389 potui
438 1327 558 1391 cupiens,
574 1327 665 1393 pariter
681 1327 793 1393 cupiente
808 1323 913 1392 puelli,

317 1397 424 1465 Inguinis
441 1397 507 1450 effeti
523 1412 591 1466 parte
608 1398 710 1465 juvante
725 1399 782 1449 frui.

279 1468 323 1519 llra
338 1472 437 1535 quidem
448 1472 529 1523 nostro
545 1470 646 1538 subjecit
659 1474 765 1522 eburnea
780 1471 849 1522 collo

316 1542 438 1604 Brachia,
456 1545 565 1595 Sithonii
580 1544 717 1595 candidiora
734 1545 810 1594 nive:

280 1613 418 1682 Osculaque
434 1618 533 1669 inseruit
550 1618 643 1685 cupida
657 1617 769 1667 luctantia
783 1616 895 1685 linguaet

240 1698 272 1734 10
318 1687 443 1739 Lascivum
459 1691 546 1742 femori
562 1690 731 1757 supposuitque
747 1690 835 1740 femur.

280 1758 312 1808 Et
327 1762 386 1812 mihi
400 1763 525 1814 blanditias
543 1764 621 1821 dixit,
638 1763 817 1830 Hominumque
833 1759 957 1816 vocavite

320 1834 351 1883 Et
367 1853 419 1902 quae
435 1850 552 1902 praeterea
567 1837 663 1903 publica
678 1837 753 1886 verba
767 1834 862 1901 juvant.
927 1870 932 1881 .

282 1904 356 1955 Tatta
371 1920 452 1957 tamen
468 1910 546 1958 veluti
560 1908 639 1975 gelida
654 1924 707 1957 mea
723 1908 829 1958 membra
845 1908 947 1968 cicuti,

318 1980 405 2047 Segnia
419 1980 569 2047 propositum
586 1980 715 2030 destituere
732 1980 808 2036 suum.

242 2061 272 2111 15
284 2050 396 2104 Truncus
412 2054 476 2104 iners
490 2052 573 2120 jacui,
591 2052 683 2119 species
699 2054 725 2104 δι
740 2054 825 2103 inutile
839 2053 958 2118 pondus:

320 2126 375 2176 Nec
392 2126 445 2177 satis
461 2126 570 2177 exactum>
584 2126 636 2186 est,
654 2143 741 2193 corpus
757 2144 788 2175 an
802 2128 887 2177 umbra
902 2128 979 2176 forem

198 2190 202 2204 '
284 2195 346 2261 Quae
358 2199 414 2249 mihi
424 2214 526 2251 ventura
536 2198 570 2249 est
581 2196 593 2264 (
603 2199 719 2266 siquidem
729 2200 852 2267 ventura)
866 2198 984 2250 senedusi

321 2269 383 2320 Ccim
400 2273 462 2322 desit
479 2273 583 2323 numeris
599 2274 648 2339 ipsa
664 2273 762 2339 juventa
779 2272 833 2323 suis.

284 2340 323 2390 Ah
334 2344 411 2407 pudet
418 2361 535 2394 annorum
547 2345 555 2394 i
568 2362 617 2413 quo
626 2363 664 2394 me
673 2344 834 2409 juvenemque
844 2344 972 2413 virumque

241 2426 275 2461 20
321 2417 375 2465 Nec
389 2415 524 2480 juvenem,
540 2435 585 2468 nec
602 2436 641 2468 mc
658 2417 730 2467 sensit
743 2416 818 2465 amica
834 2416 924 2467 virum.

284 2487 324 2535 Sic
339 2488 443 2540 flammas
458 2491 549 2541 aditura
566 2492 617 2556 pias
631 2503 721 2541 aeterna
736 2488 847 2538 sacerdos

320 2561 420 2628 Surgit,
441 2563 467 2613 δι
482 2582 495 2613 a
512 2579 569 2613 caro
584 2562 659 2612 fratre
675 2561 780 2611 verenda
796 2561 874 2612 soror.

284 2632 319 2683 At
337 2652 413 2701 nupcr
431 2637 467 2687 bis
482 2637 542 2685 flava
558 2634 664 2693 Chlide3
682 2647 721 2685 ter
737 2635 839 2686 candida
854 2635 949 2696 Pitho,

320 2707 371 2757 Ter
380 2709 450 2761 Libas
466 2708 547 2759 officio
562 2708 702 2759 continuata
717 2726 783 2759 meo.

239 2795 271 2844 25
284 2780 388 2847 Exigere
405 2800 418 2831 a
436 2784 526 2841 nobis,
544 2780 640 2850 angusti
657 2782 746 2840 noste,
769 2782 922 2840 Corinnam,

320 2853 365 2905 Me
383 2857 479 2905 memini
495 2873 608 2906 numeros
625 2855 753 2906 sustinuiffe
771 2871 868 2905 novem.

283 2926 348 2976 Num
363 2946 416 2977 mea
430 2928 567 2978 Thessalico
583 2931 698 2997 languent
714 2930 799 2977 devota
814 2942 912 2975 veneno

321 2998 452 3067 Corpora?
466 3018 522 3050 num
536 3002 622 3051 misero
638 3015 733 3051 carmen
750 3000 775 3049 ὅ(
788 3000 863 3047 herba
878 2998 984 3053 nocent}

284 3072 376 3138 Sagave
392 3072 497 3123 Punice&
513 3073 597 3123 defixit
615 3072 708 3121 nomina
724 3070 798 3128 ceri,

239 3157 275 3209 30
321 3145 352 3195 Et
367 3146 474 3196 medium
488 3156 575 3195 tenues
590 3145 615 3194 in
628 3142 698 3211 jecur
715 3146 766 3215 egit
780 3145 866 3208 acus?¹
