2392 3892
341 494 618 581 Hunorum.
643 495 720 565 En.
746 498 802 567 II.
899 461 927 591 7

213 614 284 667 Inter
295 613 321 665 δι
331 613 431 683 AEgidas
441 613 518 663 medii
528 613 635 664 slatuaris
645 614 671 663 in
679 615 756 665 urbe:

252 688 396 756 Magnificus
409 689 487 739 titulis
502 688 546 738 stet
560 700 631 753 pater
646 699 702 737 ante
718 687 774 738 suis.

217 760 279 812 cum
289 763 364 812 fuerit
374 762 469 829 Scyron
479 762 553 811 leslus
565 794 572 819 ,
583 761 715 827 torvusque
726 757 880 818 Procrustes,

251 835 284 885 Et
294 836 372 893 Sinis,
388 836 413 884 ὃ(
424 835 486 884 tauri
496 835 619 900 mixtaque
631 834 708 884 forma
719 834 782 889 viri,
937 853 973 903 70

212 908 248 958 Et
262 908 358 958 domitae
373 908 440 957 bello
455 908 549 955 Thebae
560 940 567 963 ,
580 907 675 971 fusique
693 906 856 965 bimembres,

252 980 283 1030 Et
296 981 389 1047 pulsata
403 978 465 1045 nigri
476 980 543 1045 regia
557 995 623 1028 caeca
635 979 685 1028 Dei
696 996 705 1037 5

213 1053 273 1103 Hoc
284 1067 328 1101 tua
338 1052 391 1118 post
402 1052 467 1101 illum
477 1052 550 1102 titulo
560 1051 668 1119 signetur
678 1051 757 1120 imago
768 1065 776 1101 t

254 1124 304 1174 Hic
320 1124 371 1183 est,
388 1123 455 1190 cujus
469 1142 547 1175 amans
562 1126 656 1191 hospita
672 1138 743 1193 capta
757 1125 817 1175 dolo
830 1122 874 1175 esi.

212 1199 258 1247 De
273 1209 339 1247 tanta
356 1215 434 1249 rerum
448 1201 517 1265 turba
532 1199 645 1266 sasiisque
662 1199 787 1270 parentis,
939 1215 973 1266 75

252 1271 321 1320 Sedit
333 1271 357 1320 in
371 1272 468 1339 ingenio
485 1271 567 1322 cressa
582 1273 665 1323 relista
679 1285 734 1324 tuo.

214 1344 292 1409 Quod
306 1345 384 1394 solum
399 1346 511 1403 excusat,
528 1344 605 1393 solum
619 1346 711 1395 miraris
724 1347 750 1395 in
763 1346 818 1398 illo.

253 1418 379 1467 Heredem
393 1418 491 1483 patriae,
508 1415 620 1483 perfide,
634 1417 724 1467 fraudis
737 1419 796 1483 agis.

214 1492 259 1542 llla
272 1525 278 1549 ,
290 1490 466 1549 necinvideo,
478 1492 566 1540 fruitur
576 1488 678 1540 meliore
688 1490 793 1549 marit03
913 1539 916 1544 ,

252 1566 329 1631 Inque
347 1563 474 1629 capistratis
490 1564 591 1641 tigribus,
603 1566 652 1614 alta
669 1564 747 1615 sedet.
940 1565 975 1619 So

214 1638 249 1690 At
265 1656 319 1688 mea
339 1637 442 1703 despesii
459 1638 555 1704 fugiunt
573 1638 694 1687 connubia
708 1638 837 1698 Thraces,

254 1711 329 1775 Quod
343 1711 408 1762 ferar
425 1723 550 1760 externum
565 1710 716 1777 praeposuisse
731 1712 800 1765 meis.

214 1783 298 1850 Atque
305 1784 389 1850 aliquis
393 1802 402 1842 3
411 1785 501 1833 Dosias
508 1783 556 1849 jam
562 1801 627 1833 nunc
637 1797 687 1841 eat,
698 1786 774 1851 inquit
783 1784 908 1843 ,Athenas
922 1801 930 1835 τ

253 1857 397 1907 Armiferam
407 1858 522 1907 Thracen
539 1857 580 1924 qui
591 1871 678 1926 regat,
694 1860 757 1909 alter
768 1860 824 1911 erit.

216 1931 301 1990 Exitus
312 1930 363 1980 asia
373 1932 470 1997 probat.
481 1930 572 1981 Careat
581 1932 729 1983 successibus
740 1945 814 1998 opto,
865 1924 868 1932 ¹
938 1924 972 1988 25

253 2004 365 2071 Quisquis
376 2006 406 2054 ab
416 2016 507 2054 eventu
515 2004 576 2054 fasta
586 2005 692 2055 notanda
700 2018 780 2071 putat.

216 2076 251 2127 At
261 2079 279 2127 si
290 2077 369 2128 nostra
378 2089 423 2127 ruo
434 2077 583 2144 spumescant
593 2094 692 2145 aequora
702 2096 769 2130 remo
779 2111 788 2138 ,

252 2150 304 2203 Jam
319 2150 393 2208 mihi,
412 2148 459 2215 jam
476 2152 541 2200 dicar
555 2150 697 2202 consuluisse
710 2152 780 2202 meis.

218 2224 266 2273 Sed
281 2241 360 2290 neque
376 2222 487 2271 consului
500 2237 601 2274 :necte
612 2241 666 2273 mea
675 2225 743 2290 regia
752 2234 856 2291 tanget.

252 2297 270 2346 F
272 2296 350 2346 essave
363 2294 470 2346 Bistonii
479 2297 585 2344 membra
593 2295 685 2345 lavabis
694 2295 765 2361 aqui.

218 2369 260 2419 llla
272 2369 331 2420 meis
345 2368 425 2418 oculis
437 2367 529 2433 species
540 2368 651 2419 abeuntis
664 2368 784 2429 inhaeret,

253 2440 315 2492 clm
325 2453 450 2508 premeret
459 2453 544 2508 portus
556 2441 639 2492 classis
649 2442 710 2492 itura
720 2459 798 2495 meos.

218 2513 294 2565 Ausus
307 2532 335 2565 es
346 2514 473 2581 ampleeli,
488 2516 603 2581 colloque
614 2515 703 2566 infusus
717 2517 817 2569 amatis

253 2588 345 2638 Oscula
359 2605 403 2653 per
417 2588 501 2656 longas
515 2587 617 2656 jungere
631 2588 705 2655 prelia
716 2608 816 2651 moran

217 2659 328 2726 Cumque
338 2661 387 2710 tuis
397 2662 509 2728 lacrymis
523 2663 640 2730 lacrymas
652 2664 800 2718 confundere
811 2662 902 2715 nostras
914 2679 923 2722 3
937 2670 970 2723 95

252 2732 379 2798 Quodque
392 2734 458 2784 soret
472 2735 532 2786 velis
545 2753 603 2787 aura
617 2737 737 2797 secundo,
754 2738 844 2804 querit

218 2805 247 2858 Et
261 2806 320 2856 mihi
337 2805 461 2857 discedens
479 2809 587 2875 supremi
600 2809 682 2862 dicere
695 2827 779 2861 voce:

252 2879 349 2949 Phylli,
364 2879 418 2930 face
429 2881 551 2947 exspesles
562 2884 754 2949 Demophoonta
765 2896 845 2940 tuum.

217 2952 374 3020 bipedem,
386 2954 428 3019 qui
437 2972 476 3005 ane
486 2966 613 3022 numquam
621 2957 713 3007 visurus
723 2956 789 3007 abisti
799 2956 811 3008 ἒ

252 3025 394 3095 Exspeslem
405 3028 493 3094 pelago
502 3031 557 3079 vela
567 3043 655 3097 negata
666 3048 722 3080 meo
734 3029 745 3081 l
939 3040 991 3077 100

219 3097 339 3152 Ettameu
349 3099 465 3165 exspecto
476 3117 484 3159 ;
499 3104 583 3154 redeas
594 3102 668 3152 modd
680 3104 745 3154 serus
756 3100 862 3165 amanti,

255 3169 346 3226 lit-tua
356 3173 390 3228 ait
398 3172 453 3226 solo
462 3184 579 3242 ternpore·
585 3175 650 3241 lapsa
659 3173 729 3227 fides.

753 3246 777 3298 A
793 3246 819 3296 iv
