2392 3892
337 431 411 521 164
461 421 944 502 orrnernorvm

334 551 385 601 Aut
401 548 516 615 juvenum
534 547 634 596 comites
650 545 769 611 jussissent
785 547 822 595 ite
838 550 952 612 puellas,

370 623 396 672 Si
410 623 455 672 suit
470 622 495 670 in
512 622 595 687 longas
611 632 675 669 terra
691 619 791 669 secanda
804 620 869 670 vias.

333 696 398 746 Tum
414 695 490 752 mihi,
508 693 528 744 si
542 706 654 758 peterem
666 692 777 742 ventosas
793 693 905 748 horridus
919 692 1013 758 Alpes,

248 817 251 819 ,
290 780 325 817 20
371 766 383 831 (
397 763 537 820 Dummodb
554 782 609 814 cum
625 766 719 815 domina
734 765 747 833 )
761 766 833 813 molle
851 764 930 827 fuisset
946 768 1001 817 iter.

333 840 396 891 Cum
413 841 508 890 domina
523 838 628 907 Libycas
646 839 721 889 ausim
736 853 891 903 perrumpere
910 839 1015 905 Syrtes,

370 915 402 964 Et
417 913 475 963 dare
491 928 540 962 non
554 912 628 977 arquis
643 910 815 961 velasereuda
830 912 903 960 notis.

332 987 411 1045 Non,
426 1002 478 1051 quae
492 984 602 1052 virgineo
617 995 730 1049 portenta
744 984 785 1033 sub
802 983 901 1049 inguine
913 983 1019 1044 latrant,

369 1060 423 1107 Nec
440 1058 535 1107 timeam
552 1055 661 1112 vestros,
681 1071 755 1104 curva
769 1056 870 1114 Malea,
891 1056 976 1106 sinus:

287 1143 320 1191 25
331 1132 389 1180 Non
403 1146 480 1195 quas,
496 1127 622 1177 submersis
640 1126 732 1175 ratibus
744 1126 847 1176 saturata
859 1161 867 1186 ,
887 1117 1021 1199 Charybdis
1032 1180 1034 1183 ,

365 1202 470 1257 Fundit,
491 1200 517 1249 δι
533 1197 617 1248 effusas
634 1214 677 1248 ore
692 1198 801 1248 resorbet
815 1217 900 1265 aquas.
1020 1196 1022 1199 ’

330 1271 405 1338 Quod
420 1274 440 1322 si
456 1274 596 1338 Neptunum
612 1271 712 1321 ventosa
727 1271 835 1337 potentia
849 1273 951 1334 vincit,

365 1347 397 1397 Et
412 1346 573 1397 subventuros
584 1344 679 1393 auferet
695 1344 758 1393 ubda
771 1344 840 1395 Deos
852 1362 862 1403 3

329 1420 370 1471 Tu
386 1419 470 1470 nostris
484 1419 569 1469 niveos
585 1417 689 1467 humeris
705 1418 802 1482 impone
820 1418 940 1471 lacertos.

286 1500 320 1554 30
367 1492 479 1561 Corpore
497 1508 542 1541 nos
559 1491 626 1540 facili
639 1490 709 1540 dulce
725 1490 833 1540 feremus
847 1508 919 1541 onus.

328 1567 419 1632 Saepe,
436 1577 522 1631 petens
539 1564 628 1622 Hero,
646 1561 739 1629 juvenis
755 1575 893 1615 manaverat
910 1564 1005 1620 undast

364 1640 436 1688 Tunc
454 1655 552 1705 quoque
567 1636 679 1687 trahaffet
689 1653 704 1695 3.
718 1636 758 1686 sed
771 1636 810 1685 via
829 1652 895 1686 caeca
912 1638 968 1687 suit.
1041 1689 1047 1698 ,

327 1709 362 1760 At
378 1711 429 1761 sine
447 1723 494 1769 te,
513 1710 620 1777 quamvis
636 1709 734 1775 operosi
749 1710 839 1758 vitibus
855 1710 906 1778 agri

363 1784 409 1833 Me
423 1794 540 1840 teneant,
557 1782 663 1849 quamvis
680 1781 786 1831 amnibus
802 1798 859 1831 arva
876 1794 981 1844 natent,

283 1863 295 1915 3
303 1867 315 1915 5
327 1855 359 1904 Et
376 1868 451 1921 uocet¹
466 1856 492 1903 in
507 1856 573 1904 rivos
589 1866 715 1919 parentem
730 1854 829 1905 rusticus
846 1855 952 1914 undam,

362 1927 504 1993 Frigidaque
521 1928 634 1975 arboreas
649 1927 754 1974 mulceat
769 1943 826 1975 aura
842 1943 944 1985 comas3
1017 1968 1022 1974 .

325 2000 382 2049 Nou
400 2015 447 2068 ego
463 1998 575 2067 Pelignos
591 1998 677 2047 uideor
694 1999 822 2049 celebrare
837 2000 964 2058 salubres,

361 2074 419 2123 Non
434 2089 481 2139 ego
500 2072 622 2130 natalem,
644 2088 699 2120 ruta
714 2082 833 2137 paterna,
851 2074 952 2130 locum3
1021 2064 1025 2072 ⁸

273 2188 275 2190 .
325 2146 373 2197 Sed
381 2146 511 2214 Scythiam,
520 2144 654 2211 Cilicasque
664 2145 739 2202 feros,
749 2145 886 2211 viridesque
894 2144 1031 2205 Britannos,

280 2233 315 2281 40
363 2218 474 2284 Quaeque
487 2218 634 2269 Prometheo
651 2218 704 2268 saxa
723 2234 810 2267 cruore
826 2220 924 2269 rubent,
1031 2213 1034 2218 ¹

324 2293 409 2342 Ulmus
426 2304 488 2341 amat
503 2293 594 2350 vitem,
611 2292 666 2340 vitis
683 2307 735 2340 non
749 2290 837 2339 deferit
852 2293 962 2343 ulmumt

361 2361 466 2429 Separor
482 2382 496 2412 a
516 2365 610 2414 domina
629 2380 733 2429 turego
751 2362 812 2427 saepe
829 2356 904 2411 meai
959 2427 962 2430 ἱ

324 2436 358 2487 At
375 2438 433 2485 mihi
447 2450 471 2486 tc
488 2439 600 2487 comitem
617 2435 708 2503 jur'aras
725 2450 799 2499 usque
816 2434 941 2495 futuram,

361 2508 406 2557 Per
423 2526 480 2565 me,
500 2526 592 2575 perque
608 2510 710 2567 oculos,
728 2507 806 2555 sidera
823 2507 919 2568 nostra,
938 2523 1005 2562 tuos.

278 2596 311 2644 45
322 2583 406 2635 Verba
424 2583 575 2648 puellarum,
594 2581 658 2631 foliis
673 2580 764 2629 leviora
781 2579 897 2637 caducis,

359 2656 447 2713 irrita,
469 2652 517 2720 qub
531 2656 605 2705 visum
623 2653 678 2716 est,
690 2664 776 2702 vuitus
792 2651 818 2701 δι
833 2653 896 2701 unda
914 2654 1006 2708 ferunt.

323 2729 348 2781 si
366 2747 413 2796 qua
430 2728 479 2778 mei
495 2741 575 2777 tamen
590 2727 623 2776 est
639 2728 663 2775 in
678 2738 703 2775 te
719 2725 758 2790 pia
777 2741 833 2776 cura
849 2726 945 2784 relisli,

360 2804 443 2869 incipe
459 2802 573 2867 pollicitis
590 2800 680 2849 addere
696 2798 842 2851 fallastris:

322 2872 445 2940 Parvaque
457 2878 526 2939 quim
537 2871 637 2938 ptimtim
648 2872 793 2936 rapientibus
807 2869 883 2924 esseda
895 2873 1006 2932 mannis,

279 2956 312 3004 50
358 2946 409 3009 lpsa
426 2960 469 3009 per
482 2946 588 2995 admissas
605 2956 709 2994 concute
725 2946 777 2993 lora
793 2941 869 3006 jubas.

322 3016 356 3067 At
371 3034 435 3076 vos,
454 3019 499 3081 qua
516 3018 620 3075 veniet,
638 3016 725 3067 tumidi
738 3015 849 3067 subsidite
866 3028 983 3069 montes:

357 3089 388 3139 Et
404 3089 486 3140 faciles
505 3091 583 3141 curvis
600 3090 699 3141 vallibus
717 3088 765 3139 este
782 3089 837 3141 viae,
