2392 3892
279 460 355 550 284
404 458 892 531 OV11211NAsonrr

215 592 264 642 705
277 580 382 629 Pbocbus
396 579 460 628 adest
474 595 481 628 ι
496 579 597 628 sonuere
611 579 688 644 lyrae,
705 578 809 627 sonuere
823 580 946 645 pharetra.

314 653 387 719 Signa
402 653 483 702 Deum
498 651 572 700 nosco
587 666 630 715 per
645 650 684 699 sua
698 666 705 698 r
724 649 831 701 Phoebus
846 654 919 705 adesi.

279 723 372 774 Confer
388 726 516 790 Amyclaeis
533 724 677 773 medicatum
693 724 772 772 vellus
789 725 874 776 ahenis

315 798 413 847 Murice
429 814 483 846 cum
499 798 578 863 Tyrio
594 812 603 845 c
621 796 713 861 turpius
728 797 790 846 illud
805 798 862 847 erit.
928 839 931 844 .

278 872 333 925 Vos
352 885 447 937 quoque
464 870 576 919 formosis
592 868 681 918 vestras
698 870 811 920 conserte
828 873 939 937 puellas:

216 954 269 1005 710
316 943 420 1009 Incipiet
436 943 537 993 dominae
553 958 672 1008 quemque
687 942 779 1006 pudere
798 943 857 996 suae.
930 985 933 990 .

278 1016 388 1083 Utraque
404 1016 515 1067 formosae
531 1015 610 1065 Paridi
626 1027 729 1081 potuere
745 1014 844 1075 videri3

315 1090 363 1139 Sed
379 1089 423 1138 sibi
439 1091 551 1139 collatam
565 1089 625 1137 vicit
640 1098 766 1153 utramque
781 1090 880 1140 Venus.

277 1162 332 1212 Nec
343 1162 416 1211 solam
427 1162 512 1209 faciem
524 1178 533 1219 ;
553 1176 633 1209 mores
645 1176 742 1225 quoque
756 1161 844 1212 conset
854 1164 880 1214 dr
890 1176 977 1215 artem:

314 1232 419 1283 Tantirm
434 1233 526 1299 judicio
542 1249 573 1283 ne
589 1245 645 1283 tuus
661 1234 726 1282 obsit
741 1249 819 1288 amor.

215 1317 266 1367 715
278 1306 397 1373 Exiguum
408 1306 441 1357 est
452 1340 460 1365 ,
472 1308 536 1373 quod
546 1305 633 1355 deinde
643 1322 725 1355 canam
738 1321 745 1356 ε
758 1307 798 1355 sed
808 1308 901 1371 profuit
911 1309 965 1359 illud

314 1379 434 1447 Exiguum
449 1380 549 1439 multis,
569 1381 594 1428 in
611 1380 696 1444 quibus
712 1379 762 1444 ipse
778 1379 824 1431 sui.

278 1451 372 1517 Scripta
388 1470 446 1503 cave
462 1455 556 1521 relegas
570 1452 663 1502 blandae
680 1452 773 1501 servata
787 1454 898 1519 puellaez
954 1479 958 1487 ›

316 1524 460 1577 Constantes
474 1527 565 1575 animos
581 1526 668 1592 scripta
682 1524 772 1574 telesia
785 1539 899 1577 movent.

278 1597 367 1650 Omnia
381 1616 446 1664 pone
462 1600 546 1657 seros,
561 1615 637 1663 pones
653 1598 742 1647 invitus
754 1629 762 1655 ‚
774 1598 799 1647 in
815 1599 885 1667 ignes
901 1615 910 1652 ι

215 1682 269 1731 720
314 1671 346 1721 Et
363 1673 422 1730 dic,
440 1672 540 1722 Ardoris
555 1673 585 1721 sit
598 1688 672 1737 rogus
687 1670 730 1721 isle
746 1672 803 1721 mei.

277 1742 387 1795 Thestias
401 1746 522 1794 absentem
537 1745 660 1794 succendit
675 1743 752 1809 slipite
766 1755 872 1796 natumt
928 1794 930 1798 .

314 1815 353 1867 Tu
370 1817 452 1868 timide
468 1819 567 1867 flammae
584 1816 674 1883 perfida
690 1818 763 1866 verba
780 1816 870 1868 dabis?

277 1888 303 1939 Si
319 1903 408 1955 potes,
430 1892 455 1940 δι
471 1907 538 1939 ceras
554 1905 676 1939 remove:
693 1890 750 1954 quid
767 1889 871 1957 imagine
886 1890 949 1941 muti

266 1965 270 1970 '
314 1960 449 2028 Carperis?
466 1963 513 2011 hoc
528 1962 600 2027 periit
613 1959 741 2011 Laodamia
756 1964 842 2015 modo.
864 2003 875 2024 ,

213 2047 265 2097 725
277 2034 309 2086 Et
324 2036 379 2086 loca
393 2035 466 2086 multa
480 2046 571 2085 nocent
587 2051 595 2085 ε
612 2031 689 2101 sugito
704 2037 759 2085 loca
774 2034 872 2088 conscia
887 2036 955 2096 veliti

314 2108 464 2160 Concubitus
482 2126 490 2159 ι
507 2110 588 2160 causas
601 2109 666 2159 mille
683 2108 774 2160 doloris
789 2111 891 2162 habent.

276 2179 325 2236 Hic
341 2184 387 2235 fuit
403 2201 411 2235 t
426 2182 466 2234 hic
485 2184 567 2234 cubuit
583 2199 591 2235 r
610 2183 716 2233 thalamo
733 2184 890 2235 dormivimus
904 2182 966 2236 istor

314 2254 362 2305 Hic
377 2258 435 2308 mihi
448 2256 536 2308 lascivi
549 2256 634 2323 gaudia
650 2256 721 2307 nosie
736 2257 812 2307 dedit.

276 2326 410 2379 Admonitu
426 2329 553 2380 refricatur
567 2345 656 2385 amor;
674 2332 810 2396 vulnusque
827 2343 944 2382 novatum
967 2335 969 2340 '

215 2412 268 2465 730
315 2402 459 2454 Scinditur:
476 2400 573 2452 infirmis
590 2402 660 2452 causa
674 2403 759 2467 pusilla
774 2414 860 2453 nocet.

277 2474 314 2523 Ut
328 2492 397 2539 paene
411 2474 547 2524 exslinslum
565 2475 670 2522 cinerem
687 2475 707 2523 si
722 2474 811 2523 sulfure
827 2489 936 2544 tangam

312 2547 407 2602 Vivet,
429 2547 454 2595 δι
471 2562 484 2594 e
500 2546 597 2594 minimo
612 2545 726 2594 maximus
743 2545 803 2612 ignis
820 2549 878 2598 erit.

277 2617 316 2668 Sic
329 2652 336 2675 ‚
354 2618 399 2668 nisi
415 2617 498 2669 vitaris
514 2616 627 2684 quicquid
642 2619 771 2670 renovabit
787 2635 916 2679 amorem,

312 2693 416 2742 Flamma
432 2691 605 2750 redardescet,
623 2690 766 2758 quae'modb
783 2694 849 2741 nulla
868 2695 925 2745 suit.

215 2779 267 2829 735
280 2764 409 2832 Argolides
425 2777 542 2832 cuperent
558 2765 641 2831 fugisse
659 2765 784 2831 capharea
801 2782 915 2831 puppes3

314 2840 418 2905 Teque,
434 2840 506 2890 senex
524 2838 600 2888 luslus
617 2838 710 2905 ignibus
726 2841 776 2888 ulte
793 2851 860 2887 tuos.

278 2911 403 2964 Praeterita
418 2924 502 2963 cautus
519 2911 619 2961 Niseide
635 2912 714 2960 navita
732 2912 829 2977 gaudet.

313 2984 352 3034 Tu
368 2987 444 3042 loca,
459 3002 512 3051 quae
527 2983 625 3034 nimium
640 2997 706 3051 grata
724 2984 810 3038 suere,
828 2996 900 3031 cave.

276 3055 337 3106 Haec
353 3059 397 3107 tibi
411 3057 458 3109 sint
474 3059 559 3125 Syrtes
576 3074 583 3107 r
601 3058 654 3107 haec
671 3052 849 3105 Acroceraunia
863 3056 937 3110 vita:

214 3144 266 3191 740
291 3188 294 3194 Ι
313 3127 360 3180 llic
378 3132 454 3181 vomit
467 3142 552 3197 epotas
568 3130 618 3179 dira
635 3126 768 3195 Charybdis
783 3143 869 3195 aquas.
