2392 3892
299 432 553 503 annania
574 431 784 501 Anionis.
835 436 909 528 285

198 551 279 610 Sunt,
297 569 351 617 quae
366 568 416 601 non
432 551 542 615 possint,
562 550 644 616 aliquo
660 554 783 617 cogente,
800 551 898 618 juberi;

235 627 305 691 Saepe
323 638 405 674 tamen
422 625 476 674 casu
492 624 553 674 satia
568 622 653 687 juvare
670 624 757 673 solent.

199 697 293 749 Perdat
304 715 364 765 opes
381 697 479 747 Phaedra
491 715 500 755 3
519 713 623 762 parces,
643 698 778 763 Neptune,
796 700 899 764 nepoti:

233 773 290 821 Nec
307 772 380 820 saciet
396 772 497 836 pavidos
512 783 593 819 taurus
611 770 689 819 avitus
706 786 794 835 equos.

202 844 323 896 Gnossida
341 843 434 893 secilles
450 845 568 907 inopem;
587 841 706 908 sapienter
721 843 829 896 amasset.
917 859 968 911 745
996 888 1000 895 ,

234 918 334 967 Divitiis
350 918 421 965 alitur
437 916 569 966 luxuriosus
586 932 666 967 amor.

201 988 249 1039 Cur
260 1007 333 1039 nemo
343 990 393 1047 est,
405 988 516 1038 Hecalen
529 1005 537 1047 3
548 989 613 1038 nulla
624 988 674 1047 est,
686 1006 738 1057 quae
749 990 844 1056 ceperit
854 990 911 1041 lron
922 988 934 1042 i
982 977 984 981 ,

234 1065 331 1128 Nempe
349 1063 414 1128 quod
427 1064 491 1111 alter
504 1079 601 1129 egens,
619 1062 694 1112 altera
710 1081 802 1129 pauper
818 1077 879 1115 erat.

201 1135 256 1185 Non
270 1138 345 1185 habet
358 1169 366 1193 ,
380 1135 443 1183 unde
460 1135 525 1184 suum
541 1148 670 1199 paupertas
685 1136 765 1200 pascat
780 1154 887 1188 amorem
899 1152 920 1189 t·

234 1210 293 1258 Non
305 1221 384 1258 tamen
395 1209 442 1257 hoc
453 1209 513 1257 tanti
523 1208 556 1257 est
569 1225 679 1274 ,pauper
689 1222 716 1259 ut
726 1210 772 1259 effe
782 1211 854 1263 velis.
917 1225 971 1275 750

199 1281 232 1332 At
249 1282 293 1343 tibi
310 1281 340 1331 sit
355 1281 433 1339 tanti,
452 1298 500 1330 non
516 1280 642 1346 indulgere
659 1282 780 1340 theatris;

234 1355 304 1403 Dum
319 1355 382 1404 bene
398 1354 427 1403 de
444 1369 522 1401 vacuo
539 1353 638 1417 pesiore
656 1354 727 1401 cedat
744 1372 820 1403 amor.

198 1425 322 1477 Enervant
338 1426 429 1475 animos
445 1426 561 1482 citharae,
580 1426 714 1489 lotosque,
734 1428 862 1492 lyraeque3
896 1476 897 1479 ,

226 1500 266 1549 >Et
284 1516 353 1557 vox,
371 1499 397 1548 dc
413 1498 517 1548 numeris
533 1497 630 1547 brachia
646 1510 710 1547 mota
727 1498 781 1547 suis.

196 1571 251 1636 Illic
268 1570 363 1623 assidue
380 1570 428 1621 sisti
445 1571 558 1621 saltantur
574 1584 701 1621 amantes:
917 1588 968 1637 755

234 1644 303 1708 Quid
321 1660 406 1694 caveas
424 1643 510 1701 asior,
526 1644 583 1709 quid
599 1643 686 1709 juvet,
702 1655 755 1694 arte
771 1643 854 1695 docet·

195 1718 306 1783 Eloquar
322 1717 410 1767 invitus
428 1733 435 1765 ε
451 1728 549 1767 teneros
567 1733 598 1765 ne
613 1728 686 1783 tange
702 1718 809 1781 po'e'tast

236 1792 376 1840 Submoveo
395 1790 465 1840 dotes
481 1789 565 1853 impius
582 1788 632 1854 ipse
647 1805 722 1838 meas.
781 1811 783 1815 ’
858 1800 861 1804 “

197 1864 373 1914 Callimachum
390 1858 487 1927 sugito3
502 1879 552 1911 non
568 1861 601 1910 est
616 1862 723 1911 inimicus
738 1861 844 1921 Amori3

235 1937 268 1987 Et
285 1952 339 1986 cum
354 1934 502 1985 Callimacho
518 1948 545 1985 tu
562 1952 678 2001 qtroque,
696 1934 769 1994 Co'e',
787 1953 872 1988 noces.
918 1936 971 2001 760

196 2010 246 2061 Me
265 2007 332 2060 certe
348 2009 445 2074 Sappho
461 2008 585 2057 meliorem
603 2008 663 2057 secit
679 2008 781 2057 amicae:

152 2096 156 2101 ’
235 2084 291 2131 Nec
307 2081 397 2148 rigidos
413 2096 493 2129 mores
510 2079 574 2128 Teia
592 2079 662 2128 Musa
678 2080 755 2129 dedit.

196 2155 312 2205 Carmina
329 2154 380 2221 quis
397 2153 477 2218 potuit
492 2149 546 2201 tuti>
562 2150 643 2217 legisse
660 2151 769 2209 Tibulli,

234 2227 286 2279 Vel
302 2241 361 2286 tua,
383 2225 451 2292 cujus
469 2242 529 2290 opus
545 2223 650 2290 Cynthia
666 2223 715 2273 sola
731 2220 799 2274 fuit?

197 2299 262 2364 Quis
281 2300 360 2364 potuit
376 2298 438 2349 letto
456 2298 528 2347 durus
544 2296 666 2346 discedere
686 2294 783 2345 Gallo?
917 2298 968 2362 765

199 2395 201 2399 ·
236 2372 269 2421 Et
286 2390 339 2422 mea
355 2372 435 2422 nescio
453 2372 509 2437 quid
527 2370 630 2419 carmina
650 2370 720 2418 dulce
738 2369 832 2419 sonant.

198 2445 277 2510 Quod
291 2446 336 2494 nisi
351 2446 399 2494 darx
415 2445 495 2509 operis
512 2455 592 2493 vatem
609 2442 731 2493 frustratus
747 2442 857 2508 Apollo,

235 2515 347 2566 AEmulus
364 2516 396 2565 est
412 2517 484 2567 noliri
500 2518 601 2566 maxima
619 2515 688 2566 causa
704 2516 769 2565 mali.
864 2544 868 2552 x

199 2589 234 2642 At
250 2604 278 2641 tu
294 2591 392 2639 rivalem
408 2591 458 2639 noli
473 2591 517 2639 tibi
533 2589 624 2656 fingere
641 2605 803 2658 quemqpam3

236 2664 313 2729 lnque
331 2664 373 2711 suo
390 2662 462 2710 solam
477 2662 549 2711 crede
567 2663 648 2724 jacere
665 2662 748 2709 torol
917 2675 971 2723 770

202 2735 288 2786 Actius
306 2734 456 2783 Hermionen
472 2733 528 2783 ideo
547 2732 631 2782 dilexit
648 2732 767 2789 Orestes,

236 2808 290 2858 Effe
307 2806 372 2873 quod
389 2805 485 2856 alterius
504 2816 613 2870 coeperat
627 2804 668 2852 illa
682 2804 736 2853 viri.
785 2812 787 2817 '
841 2812 844 2817 '

203 2881 289 2945 Quid,
306 2880 440 2935 Menelae,
458 2878 526 2929 doles
539 2875 549 2926 l
566 2878 617 2925 ibas
633 2875 683 2926 sine
698 2874 803 2943 coniuge
820 2872 917 2927 Creten
924 2891 933 2927 t

241 2955 272 3003 Et
287 2968 384 3020 poteras
401 2951 475 3017 tiuptd
492 2952 571 3000 lentus
588 2948 665 2998 abesse
681 2948 732 2997 tui.

203 3029 238 3079 Ut
251 3027 314 3075 Paris
325 3028 385 3076 hanc
395 3026 473 3091 rapuit
485 3058 491 3082 ,
509 3040 570 3071 nunc
583 3022 678 3070 demum
688 3038 764 3070 uxore
776 3038 859 3073 carere
918 3037 969 3087 775

143 3141 146 3192 ἱ
239 3100 298 3152 Non
314 3111 384 3165 potes
404 3116 412 3150 ε
430 3099 527 3149 alterius
545 3097 622 3147 crevit
637 3111 718 3145 amore
734 3107 800 3147 tuus.
