2392 3892
266 460 339 529 172
389 439 595 508 Ονιυιι
625 437 873 509 AMonvM

260 558 412 615 Desierant,
431 558 495 621 coepi
510 573 518 605 :
535 556 580 606 Pet
596 573 641 607 vos
655 570 781 623 utramque
796 577 927 627 rogamus,

299 630 326 679 in
343 647 431 680 vacuas
448 645 517 680 autes
534 629 607 679 verba
624 629 729 679 timentis
746 645 811 681 eant.
836 653 852 681 ο

261 700 349 753 Altera
365 719 404 752 me
420 703 516 767 sceptro
531 702 651 761 decoras,
667 704 766 769 altoque
782 706 924 757 cothurno:

298 774 352 827 Jam
365 788 429 825 nunc
445 774 569 824 contrado
585 791 683 841 magnus
697 774 721 823 in
735 792 779 825 ote
796 776 879 829 sonor.

218 844 251 910 65
263 846 349 898 Altera
365 849 405 898 das
422 845 503 897 nostro
518 846 636 895 vitiorum
651 864 739 897 nomen
755 853 839 899 amori.

301 921 367 989 Ergo
381 921 458 979 ades,
479 919 505 970 &
520 919 600 986 longis
616 920 725 969 versibus
740 920 802 971 adde
818 924 917 974 breves.

262 994 381 1061 Exiguum
395 993 444 1043 vati
460 992 587 1050 concede,
605 990 753 1059 Ttagoedia‚
771 1005 875 1060 tempus.
934 1034 948 1045 ..

299 1067 339 1116 Tu
355 1067 424 1116 labor
439 1075 543 1116 aeternus
559 1081 566 1114 z
582 1064 648 1130 quod
665 1065 728 1131 petit
741 1066 800 1124 illa,
820 1069 894 1118 breve
910 1070 951 1121 eid.

262 1137 334 1187 Mota
349 1138 415 1187 dedit
432 1138 526 1187 veniam
542 1152 549 1185 ε
565 1137 646 1187 teneti
662 1151 824 1203 properentur
839 1157 951 1199 amores,

220 1223 254 1271 70
299 1210 364 1259 Dum
380 1221 450 1260 vacat
468 1225 476 1261 ι
492 1224 507 1257 a
523 1220 594 1277 tergo
613 1210 724 1276 grandius
739 1225 810 1279 urget
826 1230 899 1279 opus.

294 1310 940 1391 ηεξατ-ἥξετε»

435 1436 689 1500 ELEGIA
739 1436 800 1499 11.

264 1530 354 1650 No
364 1610 381 1645 u
397 1612 444 1663 ego
460 1596 576 1646 nobilium
589 1594 662 1645 sedeo
678 1592 792 1645 studiosus
810 1611 947 1661 equorumt

301 1668 348 1717 Cui
365 1681 444 1717 tamen
459 1669 510 1735 ipsa
525 1669 611 1727 faves,
632 1668 712 1718 vincat
726 1679 754 1717 ut
770 1668 831 1726 ilie,
847 1687 945 1735 precor.

264 1742 301 1793 Ut
316 1742 429 1806 loquerer
444 1754 545 1798 tecum,
562 1740 637 1800 veni,
654 1753 783 1807 tecumque
802 1741 932 1802 sederem

301 1815 340 1863 Ne
356 1815 400 1864 tibi
415 1831 463 1863 non
481 1819 574 1873 notus,
593 1829 666 1880 quem
681 1813 760 1871 facts.
778 1811 836 1862 effet
852 1832 929 1865 amor.

241 1904 252 1953 5
266 1887 305 1936 Tu
323 1888 402 1935 curius
420 1887 527 1953 spedas,
547 1902 594 1956 ego
611 1898 636 1935 te
653 1902 661 1935 z
678 1885 809 1951 spectemus
824 1899 928 1953 uterque

303 1957 377 2021 Quod
392 1958 478 2025 juvat;
498 1971 570 2025 atque
586 1960 672 2008 oculos
688 1956 769 2024 pascat
787 1970 892 2025 uterque
909 1960 971 2012 suos.

266 2031 291 2083 O
309 2032 314 2081 !
333 2032 474 2099 cuicumque
491 2032 576 2089 faves,
597 2030 657 2081 felix
671 2030 775 2099 agitator
791 2032 929 2098 equorum!

303 2106 367 2173 Ergo
382 2106 416 2154 illi
432 2112 495 2155 c'urae
509 2103 613 2171 contigit
628 2101 676 2155 effe'
690 2102 758 2154 tuae!

267 2177 322 2227 Hoc
341 2178 398 2226 mihi
416 2179 558 2245 contingat,
574 2177 643 2227 sacro
659 2176 689 2227 de
705 2193 803 2228 carcere
818 2178 896 2229 missis

225 2266 256 2302 ιο
303 2250 406 2300 Insistam
422 2251 480 2299 forti
495 2264 576 2300 mente
592 2250 718 2301 vehendus
733 2251 810 2315 equis.

267 2322 298 2371 Et
314 2321 386 2372 modd
402 2325 453 2371 lora
468 2323 547 2381 dabo,
568 2320 642 2372 modd
657 2324 759 2373 verbere
775 2328 844 2388 teiga
859 2326 972 2377 notabo:

304 2398 374 2443 Nunc
391 2394 498 2461 stringam
514 2405 590 2445 metas
606 2394 720 2443 interiore
736 2392 799 2443 toti.

267 2467 292 2516 Si
308 2468 365 2516 mihi
381 2468 487 2517 currenti
502 2468 576 2516 suetis
593 2464 737 2531 conspetu,
757 2468 890 2519 morabot:

303 2540 391 2605 Deque
409 2539 468 2589 meis
483 2538 589 2589 manibus
606 2541 658 2588 lota
673 2536 763 2587 remissa
779 2539 864 2590 fluent.

226 2628 255 2678 15
268 2612 307 2662 Ah
324 2612 330 2661 !
348 2615 416 2677 quim
431 2627 500 2678 paene
515 2609 603 2676 Pelops
619 2608 692 2659 Pisaet
708 2611 813 2661 concidit
828 2612 911 2674 hasti,

169 2691 173 2699 '
304 2685 370 2735 Dum
385 2685 472 2750 speiiat
487 2684 587 2741 vuitus,
606 2681 786 2749 Hippodamia,
805 2697 860 2734 tuos
875 2686 881 2735 !

267 2759 362 2823 Nempe
379 2759 461 2807 favore
477 2756 523 2807 suae
538 2756 598 2806 vicit
614 2766 696 2807 tamen
713 2758 753 2807 ilie
770 2759 867 2824 puellae.

303 2832 434 2881 Vincamus
451 2828 552 2880 dominae
570 2828 671 2896 quisque
686 2832 770 2881 favore
787 2831 840 2878 suae.
855 2844 874 2886 ,¹

267 2902 334 2966 Quid
349 2901 432 2953 frustra
450 2900 564 2970 refugis?
585 2904 651 2971 cogit
666 2920 710 2953 nos
726 2904 788 2951 linea
803 2900 890 2967 jungi:

223 2992 258 3028 20
303 2975 364 3025 Haec
379 2975 403 3023 in
418 2976 473 3042 iege
490 2976 539 3024 ioci
555 2976 681 3026 commoda
697 2974 782 3023 Circus
800 2974 881 3023 iubet.

267 3050 305 3100 Tu
320 3061 418 3105 tamen,
432 3065 446 3095 a
462 3048 547 3097 dextra
562 3048 703 3113 quicumque
719 3060 762 3104 et,
777 3062 849 3113 parce
864 3051 974 3114 pueliae:

304 3119 423 3173 Contaiiu
438 3120 520 3175 latetis
537 3120 632 3175 laeditut
647 3116 687 3170 ista
703 3119 748 3174 tui.
