2392 3892
260 457 338 565 158¹
383 475 594 546 Omrr
622 476 869 545 Aaronom

232 596 282 660 50
300 597 307 644 l
323 594 433 653 utinam,
452 611 518 644 remo
533 611 563 644 ne
578 592 630 660 quis
647 595 710 644 freta
726 594 799 661 longa
816 607 948 654 moveret,

292 669 360 735 Argo
376 666 479 717 funestas
496 666 570 733 prelia
586 666 679 716 bibisset
694 668 788 733 aquas!

257 742 322 791 Ecce
337 740 400 808 sugit
413 753 544 805 uotumque
560 752 661 799 torum,
675 740 802 807 sociosque
817 738 922 791 Penates
934 758 946 800 ς

293 815 448 879 Fallacesque
464 814 515 862 viar
531 814 567 861 ire
586 812 693 862 Corinna
707 824 784 878 parat.

204 917 210 928 ·
259 886 325 950 Quid
336 884 443 949 tibi,(me
452 886 560 935 miserum
569 883 722 953 !)Zephyros
729 885 856 951 Eurosque
866 886 951 936 timebo

218 973 250 1008 ro
296 960 328 1009 Et
345 959 449 1025 gelidum
465 958 583 1016 Borean,
602 958 771 1025 egelidumque
787 959 880 1008 Notum
894 957 906 1008 ἓ

261 1033 317 1081 Non
332 1032 381 1080 illic
396 1032 484 1089 urbes,
502 1047 553 1080 non
569 1042 597 1080 tu
611 1030 728 1079 mirabere
741 1031 838 1084 silvas:

298 1106 354 1155 Una
371 1103 403 1152 est
420 1101 497 1167 injusti
513 1105 600 1153 caerula
614 1104 690 1154 forma
707 1104 786 1152 maris.

261 1176 315 1225 Nec
330 1175 421 1224 medius
438 1188 526 1227 tenues
541 1177 667 1234 conchas,
687 1175 794 1241 pidorve
811 1175 908 1241 lapillos
919 1182 943 1235 ,⁹

297 1248 389 1298 Pontus
402 1248 476 1297 habet
491 1264 498 1298 ε
515 1249 590 1298 bibuli
607 1249 684 1299 litoris
700 1248 740 1298 illa
754 1264 821 1298 mora
837 1249 883 1299 est.

222 1334 251 1383 15
262 1321 345 1370 Litora
361 1322 500 1371 marmoreis
517 1321 619 1387 pedibus
633 1321 765 1389 signanda,
783 1323 885 1387 puellae.

299 1394 421 1445 Hauenus
437 1394 470 1443 eli
485 1406 564 1445 tutum
580 1410 589 1445 τ
606 1407 688 1444 cetera
704 1410 770 1443 caeca
784 1394 824 1444 via
839 1394 885 1444 eli.

264 1466 296 1516 Et
310 1467 380 1517 vobis
396 1466 435 1515 alii
451 1480 579 1517 ventorum
592 1467 678 1532 proelia
694 1479 812 1525 narrent3

300 1538 467 1606 Quas-Scylla
484 1538 597 1599 infestet,
617 1554 708 1605 quasve
724 1538 860 1606 Charybdis
878 1556 950 1605 aquas

264 1610 295 1659 Et
311 1613 396 1677 quibus
413 1612 534 1663 emineant
548 1613 656 1662 violente
671 1610 791 1661 Ceraunia
805 1611 871 1662 saxis
883 1628 891 1662 r

221 1696 255 1730 2o
301 1684 357 1747 Quo
372 1684 463 1733 lateant
479 1678 584 1752 lyrnes,
600 1700 681 1751 quove
697 1682 796 1742 Malea,
814 1684 878 1734 sinu.

265 1755 324 1804 Herc
335 1755 374 1805 alii
383 1756 491 1806 reserant
504 1774 511 1807 ε
525 1769 550 1806 at
559 1773 624 1814 vor,
640 1756 706 1823 quod
715 1758 814 1822 quisque
825 1759 951 1824 loquentur

303 1829 404 1879 Credite
419 1846 427 1879 :
441 1830 553 1880 credenti
567 1832 632 1880 nulla
646 1830 755 1896 procella
770 1841 855 1881 nocet.

266 1901 327 1952 Serd
342 1902 467 1968 respicitur
479 1904 571 1960 tellus,
586 1903 645 1961 ubi,
667 1902 724 1952 sune
740 1901 842 1959 soluto,

305 1974 386 2025 Currit
402 1976 427 2024 in
441 1975 577 2025 immensum
593 1973 673 2041 panda
689 1974 767 2023 carina
785 1974 869 2024 salum.

223 2062 238 2095 2
244 2064 254 2112 5
269 2048 357 2097 Navita
374 2048 480 2098 solicitus
498 2051 544 2115 qui
558 2059 647 2098 ventos
662 2048 748 2097 horret
764 2047 880 2115 iniquos,

303 2121 334 2170 Et
345 2138 421 2186 prope
432 2133 480 2171 tarn
491 2122 565 2170 letum
577 2154 588 2179 ,
604 2123 674 2188 quim
684 2136 761 2187 prope
773 2122 851 2172 cernit
862 2136 951 2189 aquam

268 2191 356 2256 Quid?
373 2195 393 2244 si
410 2193 533 2244 concussas
550 2192 639 2244 Triton
655 2194 781 2260 exasperet
797 2194 896 2245 undas?

305 2264 384 2329 Quim
398 2266 445 2316 tibi·
458 2284 521 2316 nunc
535 2278 591 2317 toto
609 2269 688 2318 nullus
703 2268 728 2316 in
744 2284 788 2317 ore
804 2269 872 2317 color
886 2266 893 2316 i

267 2338 330 2387 Tum
348 2340 464 2405 generosa
478 2357 554 2396 voces
570 2340 681 2390 fecunda
697 2339 776 2389 sidera
792 2339 889 2389 Ledae:

224 2423 258 2475 30
305 2412 354 2469 Et,
372 2412 459 2471 Felix,
479 2412 561 2470 dicas,
577 2426 647 2478 quam
662 2411 701 2459 sua
716 2422 782 2459 terra
797 2411 888 2461 tenet!

268 2484 356 2532 Tutius
373 2484 405 2533 est
422 2486 506 2535 fovisse
521 2498 619 2542 torum,
638 2482 718 2549 legisse
735 2484 854 2543 libellos,

304 2556 444 2605 Threiciam
462 2558 542 2625 digitis
561 2554 701 2621 increpuisse
721 2557 807 2623 lyram.

269 2629 322 2688 At,
342 2630 362 2679 si
377 2648 437 2680 vana
454 2631 536 2680 ferunt
549 2631 665 2679 volucres
681 2645 734 2678 mea
750 2628 811 2680 dista
827 2632 943 2697 procelle

305 2698 386 2769 AEqua
399 2716 480 2753 tamen
494 2703 568 2770 puppi
582 2702 613 2752 sit
629 2699 732 2753 Galatea
747 2715 805 2756 tuae.

226 2788 258 2840 35
269 2776 382 2827 Vestrum
401 2776 492 2826 crimen
507 2775 554 2826 erit
570 2775 625 2827 talis
642 2774 732 2843 jastura
748 2778 854 2844 puellae,

307 2848 478 2915 Nereidesque
495 2849 576 2910 Deae,
592 2850 776 2916 Nereidumque
794 2861 873 2916 pater.

270 2921 342 2974 Vade
360 2929 453 2972 memor
468 2923 560 2984 nostri,
579 2924 777 2974 vento-reditura
794 2922 924 2973 secundo:

308 2994 410 3060 Impleat
426 2994 466 3043 illa
481 3009 537 3047 tuos
554 2998 642 3047 fortior
657 3014 714 3045 aura
730 2998 805 3045 sinus.
841 3054 844 3058 Α

271 3064 336 3113 Tum
350 3083 414 3116 mare
429 3067 454 3117 in
469 3069 521 3119 haec
535 3086 633 3136 magnus
647 3070 767 3133 proclinet
780 3068 852 3129 litora
863 3069 950 3120 Nereu:

225 3150 261 3197 40
308 3136 364 3200 Huc
380 3139 448 3190 venti
463 3140 554 3207 spirent
569 3156 578 3194 t
594 3142 642 3194 huc
656 3154 714 3210 egat
730 3140 798 3196 astus
811 3158 899 3211 aquas·

531 3253 541 3284 t
