2392 3892
305 446 374 516 128
428 444 634 515 Orruit
660 448 909 519 Auonvn

298 566 337 614 Tu
352 563 474 623 dominae,
491 563 544 613 crim
560 577 586 615 te
601 564 732 631 projeilam
747 585 816 617 mane
831 568 944 626 videbit,

254 656 289 704 70
334 638 464 701 Temporis
480 637 580 688 absumti
594 652 643 688 tarn
661 641 723 690 tnale
739 639 805 690 testis
821 642 879 692 eris.

299 711 489 776 Qualiscumque
504 713 576 770 vale,
593 712 702 777 sentique
717 713 826 763 abeuntis
842 728 972 772 umorem,

335 784 432 841 Lente,
450 798 497 833 nec
512 783 609 834 admisso
624 785 701 851 turpis
718 798 813 838 amante
830 802 838 835 ε
856 786 923 835 vale.

298 858 353 913 Vos
370 872 467 922 quoque
483 856 593 908 crudeles
611 858 690 926 rigido
705 874 759 909 cuin
774 858 854 908 limine
870 856 974 924 postes,

334 930 454 995 Duraque
468 929 585 981 conserte
600 932 665 999 ligna
680 932 762 983 valete
777 931 855 983 fores.

440 1155 698 1222 ELEGIA
749 1157 861 1221 Vll.

276 1371 278 1376 ,
299 1253 367 1372 Α
376 1330 438 1368 nn!
449 1334 532 1369 manus
542 1314 568 1368 in
577 1316 658 1368 vincla
668 1334 733 1370 meas
744 1351 753 1379 ‚
770 1331 880 1369 meruere
890 1328 1012 1381 catenati

336 1391 402 1441 Dum
417 1393 486 1443 lutor
500 1392 577 1442 omnis
593 1392 662 1450 abit,
681 1393 701 1441 si
716 1393 769 1459 quis
783 1392 871 1443 amicus
887 1394 957 1443 ades.

299 1465 361 1514 Nam
377 1465 445 1515 furor
459 1466 484 1516 in
499 1465 618 1516 dominam
632 1466 760 1516 temeraria
775 1466 871 1515 brachia
886 1467 977 1519 movit·

336 1537 391 1587 Flet
407 1535 564 1589 mea'vesand
579 1537 635 1588 laesa
650 1538 730 1603 puella
746 1554 827 1588 manu.

277 1610 371 1673 5Tunc
388 1627 436 1677 ego
451 1613 493 1661 vel
510 1613 579 1661 caro's
594 1610 665 1676 potui
679 1610 772 1661 violare
788 1621 924 1676 parentes,

337 1682 405 1731 Saeva
421 1685 461 1731 vel
478 1684 501 1733 in
516 1683 609 1733 sanilos
622 1684 725 1733 verbera
741 1684 805 1733 ferre
820 1683 903 1734 Deos.

301 1752 389 1819 Quid?
407 1772 456 1805 nou
474 1756 518 1813 δι,
533 1756 615 1824 clypei
629 1756 738 1806 dominus
753 1756 935 1823 septemplicis,
949 1754 1013 1825 Ajax

337 1828 428 1877 Stravit
445 1829 575 1895 deprensos
592 1831 640 1878 lata
658 1844 703 1895 per
718 1845 775 1877 arva
790 1826 902 1895 greges?

300 1899 348 1958 Et,
363 1900 451 1952 vindex
465 1901 489 1952 in
505 1914 581 1954 matre
593 1900 685 1966 patris,
700 1901 776 1954 malus
790 1901 857 1951 ultor
872 1901 994 1960 Orestes,

259 1986 290 2021 10
336 1973 414 2023 Ausus
428 1974 453 2023 in
471 1992 568 2026 arcanas
581 1973 682 2039 poscere
696 1973 747 2022 tela
762 1971 855 2023 Deus?

301 2045 367 2113 Ergo
383 2063 430 2114 ego
447 2047 549 2116 digestos
564 2045 634 2112 potui
648 2043 737 2095 laniare
753 2043 880 2112 capillos?

337 2120 392 2169 Nec
409 2121 527 2170 dominam
541 2131 614 2169 inore
630 2118 768 2169 dedecuere
785 2135 872 2171 conta.

302 2192 341 2242 Sic
359 2192 461 2243 formosa
478 2192 524 2243 fuit
541 2208 549 2245 t
569 2193 645 2245 talem
653 2192 802 2243 Schoeneida
821 2193 904 2243 dicunt

338 2265 463 2316 Maenalias
478 2283 536 2317 arcu
554 2265 678 2317 solicitass'e
693 2266 767 2316 feras.

261 2351 290 2399 15
302 2338 369 2387 Talis
383 2338 474 2404 perjuri
489 2340 647 2407 promissaque
662 2340 766 2406 velaque
782 2335 872 2387 Thesei

339 2410 418 2460 Flevit
433 2413 568 2478 precipites
586 2410 668 2462 Cressa
681 2411 757 2461 tulisse
774 2411 866 2459 Notos.

302 2482 361 2539 Sic,
378 2482 423 2531 nisi
437 2483 528 2532 vittatis
544 2486 610 2550 quod
626 2496 696 2542 erat,
715 2481 860 2542 cassandra,
880 2480 995 2549 capillls,'

338 2552 471 2604 Procubuit
485 2558 596 2622 templo,
614 2556 674 2607 casta
687 2554 819 2614 Minerva,
838 2566 894 2607 tuo.

303 2626 491 2691 Quismihinon,
499 2629 618 2689 Demens,
625 2627 677 2694 quis
684 2628 805 2688 nonmihi,
812 2626 927 2691 Barbate,
936 2624 1013 2681 dixit?

259 2714 292 2747 20
338 2700 390 2767 Ipsa
407 2702 465 2752 nihil
480 2718 487 2753 r
502 2704 591 2769 pavido
607 2701 687 2768 lingua
701 2714 798 2751 retenta
813 2715 890 2754 metu.

302 2773 351 2822 Sed
365 2775 432 2825 taciti
447 2776 529 2826 fecere
543 2781 625 2824 tairren
640 2774 751 2825 convicia
764 2779 846 2826 vultus
858 2792 867 2828 t

338 2847 394 2914 Egit
408 2866 446 2899 me
459 2848 591 2917 lacrymis,
609 2864 652 2899 ote
666 2849 772 2908 silente,
787 2867 867 2899 reum.

302 2918 367 2969 Ante
382 2937 449 2972 meos
464 2922 569 2972 humeris
582 2923 672 2972 vellem
688 2921 797 2972 cecidill'e
813 2922 941 2974 lacertos:

338 2991 428 3043 Utilids
444 2994 514 3059 potui
530 3007 600 3060 parte
617 3011 701 3046 carere
718 2994 776 3044 mei.

254 3062 329 3127 ¹25111
346 3081 398 3114 rnen
414 3065 512 3117 vesanas
526 3068 600 3116 habui
615 3066 735 3133 dispendia
752 3063 836 3115 virest

338 3136 371 3188 Et
385 3138 450 3190 ualui
463 3155 559 3206 poenarn
573 3137 644 3192 fortis
659 3137 685 3188 in
699 3135 749 3204 iple
765 3152 854 3191 mecm·
