2392 3892
260 459 330 513 -Dar
357 443 478 511 Aure
504 440 699 509 Amnum
725 442 764 507 L.
789 442 818 510 I.
846 462 923 535 217

213 562 257 620 Vis
271 563 313 614 ulai
330 577 396 613 nunc
412 561 454 610 illa
471 557 528 610 est?
548 558 605 624 quid
624 556 710 606 blandi
725 573 788 607 voce
803 561 903 612 moraris

245 635 377 686 Aridiorem
393 633 486 698 stupri,
507 629 657 688 Deidamia,
674 628 733 679 tui?

211 709 309 759 Scilicet
319 741 327 767 ,
344 719 373 757 ut
383 706 463 773 pudor
473 704 507 755 est
517 704 643 771 quemdam
655 702 750 769 coepisse
760 702 865 771 priorem
875 737 885 768 ,
930 724 963 771 70
968 722 981 772 5

245 782 284 832 Sic
300 781 351 831 alio
368 792 463 848 gratum
480 778 513 829 est
529 778 660 842 incipiente
677 778 736 841 pati.
755 829 762 837 ¹

211 853 249 905 lh
264 855 271 904 l
289 852 364 905 nimia
378 852 412 903 eil
427 852 510 918 juveni
527 851 631 917 propriae
648 848 734 899 fiducia
750 850 852 910 formae,

245 926 379 993 Enipeum
391 925 411 975 si
429 925 501 992 quis,
523 925 578 973 dum
593 924 662 989 prior
678 923 718 971 illa
734 936 815 991 roget.

210 1000 254 1055 Vir
269 1001 339 1067 prior
353 998 476 1049 accedat:
492 998 529 1047 vir
545 998 619 1046 verba
634 997 756 1062 precantia
771 997 845 1051 dicat.

245 1072 362 1139 Excipiet
377 1071 476 1121 blandas
492 1071 595 1120 comiter
611 1070 650 1118 illa
666 1086 761 1135 preces.
931 1086 985 1136 710

211 1146 245 1196 Ut
261 1146 377 1212 potiare,
395 1153 479 1211 roge:
495 1141 587 1193 tantrim
602 1144 669 1209 cupit
684 1145 724 1192 illa
739 1142 837 1213 rogari:

244 1220 286 1267 Da
303 1214 398 1269 causina
414 1216 466 1267 voti
483 1217 672 1282 principiumque
688 1216 733 1265 tui.
777 1247 782 1254 -

198 1289 321 1357 'luppiter
336 1290 368 1340 ed
383 1300 482 1340 veteres·
500 1289 600 1353 supplex
614 1288 736 1338 Heroides
752 1290 821 1340 ibatt

247 1363 375 1429 Corripuit
389 1379 500 1431 magnum
515 1363 580 1412 nulla
595 1362 675 1428 puella
690 1361 788 1411 lovem.

211 1436 235 1487 Si
251 1449 334 1486 tamen
350 1454 364 1486 a
380 1437 493 1503 precibiu
510 1434 617 1485 tumidos
632 1434 750 1483 accedere
767 1434 838 1483 flatus
928 1451 980 1501 7¹5

245 1509 373 1567 Senseris‚
389 1510 488 1576 incepto
505 1524 597 1574 parce,
615 1508 727 1571 referque
742 1506 839 1574 pedem.

211 1580 287 1646 Quod
301 1582 413 1649 refugit,
428 1583 509 1631 multae
525 1581 627 1648 cupiunt
641 1596 648 1631 :
662 1580 756 1638 odire,
771 1580 836 1647 quod
849 1577 928 1632 instat.

244 1653 336 1704 Lenius
352 1654 459 1704 instando
475 1655 546 1705 taedia
563 1656 624 1704 tolle
641 1653 686 1704 tui.

209 1728 264 1777 Nec
278 1727 374 1793 semper
387 1726 493 1780 Veneris
509 1728 561 1794 spes
579 1726 613 1777 est
629 1725 764 1793 profitenda
779 1726 893 1795 roganti:

247 1801 328 1850 lntret
342 1798 452 1850 amicitiae
468 1802 565 1850 nomine
582 1800 660 1850 tellus
678 1816 746 1850 amor
929 1815 985 1866 720

209 1872 267 1923 Hoc
282 1872 350 1923 aditu
365 1872 412 1923 vidi
425 1874 519 1925 tetricae
535 1874 590 1923 data
604 1874 680 1924 verba
695 1874 803 1941 puellaea

247 1945 300 2009 Qui
315 1945 394 1996 fuerat
408 1949 488 1998 cultor
499 1948 600 2006 „sallus
615 1962 707 1999 amator
722 1961 784 1999 erar.

212 2018 336 2069 Candidus
349 2018 373 2070 in
389 2033 461 2071 nauta
477 2022 552 2087 turpis
567 2022 660 2071 color:
677 2023 779 2088 aequoris
795 2020 859 2071 undl

246 2092 352 2150 Debet,
374 2093 400 2143 δι
417 2111 431 2143 a
445 2093 516 2143 radiis
533 2093 618 2143 sideris
635 2092 682 2141 effe
697 2093 776 2159 niger.

208 2164 302 2231 Turpis
317 2165 344 2216 δι
360 2167 492 2234 agricole,
512 2165 552 2230 qui
567 2180 668 2214 vomere
683 2164 777 2230 semper
790 2163 904 2223 adunco,
931 2178 983 2229 725

248 2238 280 2288 Et
296 2238 406 2306 gravibus
423 2238 500 2289 rastris
518 2238 559 2287 sub
574 2236 639 2288 Jove
652 2235 731 2287 versat
746 2236 853 2288 humum.
875 2235 879 2242 '

210 2310 244 2362 Et
257 2310 320 2367 ribi,
337 2310 448 2363 Palladiae
463 2311 554 2378 petitur
569 2311 609 2360 cui
624 2310 702 2375 palma
718 2325 835 2368 corona,

249 2382 393 2433 Candida
373 2401 394 2436 st
410 2385 501 2435 suerint
515 2400 638 2449 corpora3
658 2382 733 2449 turpis
750 2383 808 2432 eris.

211 2451 306 2512 Palleat
320 2458 397 2507 omnir
410 2474 514 2508 amans:
529 2458 568 2507 hic
583 2456 617 2507 est
631 2458 701 2506 color
714 2469 783 2530 aptus
798 2449 904 2507 amanei:
963 2467 965 2472 '

247 2529 297 2579 Hic
314 2529 413 2578 deceta
427 2532 476 2582 hoc
490 2532 559 2581 vultu
573 2545 625 2582 non
639 2530 737 2582 valuisse
753 2538 850 2600 putent.
932 2539 987 2592 730

211 2600 341 2653 Pallidus'
335 2618 359 2649 ιιι
375 2601 463 2667 Lyrioe
479 2606 553 2653 siliis
561 2605 657 2655 errabo!
671 2605 803 2654 Orion.-

247 2671 378 2725 Pallidus
372 2690 397 2719 ιιι
412 2675 478 2722 lenta
492 2674 577 2724 Naide'
587 2676 702 2740 Daphnis
715 2686 779 2724 erat.
838 2683 857 2708 '-
917 2711 919 2722 .

212 2747 308 2815 Arguat
326 2744 352 2793 ὅ(
367 2743 455 2794 macies
470 2746 598 2795 animum·
592 2784 599 2796 .
616 2764 662 2796 nec
677 2760 748 2812 turpe
765 2741 909 2812 putaris,

249 2818 377 2869 Palliolum
396 2816 476 2866 nitidis
493 2818 625 2883 imposnifl'e
642 2820 727 2868 comis.
745 2846 748 2852 ·

214 2895 353 2944 Attenuent
369 2890 484 2957 juvenum
501 2891 605 2957 vigilate
622 2907 724 2958 corpora
739 2890 844 2951 nostesr
933 2907 985 2961 735

254 2965 366 3031 Curaque
379 2962 397 3024 ‚‘
408 2964 433 3015 δι
450 2981 464 3015 e
481 2980 568 3032 magno
584 2967 626 3031 qui
641 2964 669 3017 fit
684 2981 787 3025 amore,
807 2966 888 3022 dolor.

216 3039 252 3090 Ut
268 3050 328 3087 voto
345 3039 438 3104 perlate
454 3051 518 3098 tuo,
536 3038 672 3090 miserabilis
690 3040 761 3099 est03

255 3110 309 3166 Ut,
327 3113 367 3175 qui
382 3126 407 3163 te
422 3114 523 3177 videat,
543 3114 624 3167 dicere
638 3116 735 3185 possit,
751 3113 834 3170 Amas.

285 3206 368 3259 Tomos
385 3201 409 3258 I.
856 3207 881 3260 Κ
