2392 3892
316 445 389 536 184
437 442 650 513 OVr‘nrr
676 442 925 516 [nonunt

312 567 376 631 Quae
391 580 456 615 nunc
470 580 529 613 ecce
543 564 623 631 rigent
638 564 822 629 intempestiva,
839 568 990 633 valentque:

347 640 419 687 Nunc
436 654 496 703 opus
513 636 644 702 exposcunt
659 637 812 703 militiamque
828 639 904 689 suam.

312 712 378 777 Quin
393 711 441 761 istic
456 710 592 776 pudibunda
606 708 692 775 jaces,
708 726 763 777 pars
779 712 882 776 pessima
896 708 993 768 nostrii

268 802 301 847 70
346 785 385 833 Sic
402 784 451 834 sum
466 782 578 849 pollicitis
596 794 680 847 captus
696 782 791 832 &ante
807 783 863 833 tuis.

311 857 352 910 Tu
370 857 488 906 dominam
503 855 588 905 sellis:
605 870 649 920 per
665 867 691 904 te
707 855 834 920 deprensus
851 856 951 908 inertius

347 930 434 987 Tristia
450 944 504 978 cunt
518 944 607 994 magno
624 927 708 977 damna
723 928 817 993 pudore
831 930 886 978 tuli.

311 1002 381 1053 Hanc
398 1001 469 1052 etiam
486 1017 534 1049 non
549 1000 582 1050 est
597 1016 650 1060 mea
667 1000 795 1067 dedignata
809 1002 891 1067 puella

348 1074 458 1124 Molliter
472 1072 566 1122 admoti
585 1073 705 1123 solicitare
720 1090 799 1124 manu.

269 1163 301 1212 75
314 1148 361 1198 Sed
379 1146 500 1213 postquam
514 1146 590 1195 nullas
607 1145 752 1214 consurgere
765 1144 830 1212 posse
844 1162 890 1212 per
902 1157 990 1207 artes,

347 1221 560 1285 Inmemoremque
577 1218 611 1267 sui
625 1217 775 1284 procubuisse
788 1219 875 1278 videt3

311 1291 378 1357 Quid
390 1308 435 1342 ,me
447 1291 528 1349 ludis,
545 1291 603 1341 ait?
621 1292 672 1358 quis
686 1304 730 1351 te,
748 1290 809 1341 male
825 1291 901 1351 sane,
916 1290 1019 1357 jubebat

348 1366 451 1415 Invitum
468 1364 550 1414 nostro
564 1380 658 1430 ponere
672 1365 777 1414 membra
792 1362 875 1415 toro?

312 1437 362 1488 Aut
377 1451 402 1488 te
418 1436 527 1503 trajectis
542 1434 610 1488 AEaea
624 1435 734 1487 venefica
748 1436 814 1486 ranis

268 1508 301 1560 80
347 1512 486 1561 Devovet:
502 1521 543 1559 aut
560 1510 610 1559 alio
623 1508 691 1559 lassus
704 1525 787 1559 amore
803 1508 883 1559 venis.

311 1585 365 1633 Nec
379 1600 445 1634 mora
462 1599 469 1633 ι
485 1582 581 1632 desiluit
593 1581 676 1631 tunicd
689 1582 770 1631 velata
784 1581 911 1634 recinsld:

350 1657 380 1705 Et
397 1656 480 1705 decuit
497 1655 574 1704 nudos
590 1652 729 1721 proripuisse
745 1653 830 1720 pedes.

313 1729 383 1780 Neve
400 1729 446 1780 suae
461 1726 554 1794 possent
567 1726 676 1778 intadam
692 1727 752 1777 scire
766 1726 894 1788 ministre,

347 1802 466 1852 Dedecus
479 1802 527 1850 hoc
542 1800 618 1851 sumti
633 1799 792 1852 dissimulavit
803 1800 874 1867 aquit.

341 1880 987 1979 c======ffiQ

333 2053 335 2057 ·
441 2022 696 2087 ELEGIA
743 2023 888 2089 VIII.

270 2249 271 2253 Ἰ
309 2111 390 2235 Et
401 2181 523 2250 quisquam
533 2184 649 2253 ingenuas
659 2187 786 2237 etiamnum
797 2181 892 2249 suspicit
901 2191 966 2233 artes
977 2177 991 2233 ἒ

346 2256 397 2304 Aut
411 2269 521 2306 tenerum
538 2260 610 2309 dotes
626 2276 721 2309 carmen
736 2259 827 2307 habere
839 2253 931 2321 putat?

309 2327 435 2393 Ingenium
452 2332 571 2393 quondam
588 2332 666 2382 fuerat
684 2330 811 2396 pretiosius
826 2341 907 2376 aurot

346 2401 380 2448 At
393 2417 456 2449 nunc
470 2404 590 2454 barbaries
606 2404 717 2471 grandis,
734 2402 825 2451 habere
837 2399 907 2448 nihil.

285 2489 297 2537 5
311 2469 370 2521 cum
387 2473 488 2536 pulchr'e
504 2476 575 2525 nostri
592 2476 692 2525 dominae
707 2476 818 2539 placuere
833 2470 929 2530 libelli5

346 2543 404 2607 Qud
421 2546 488 2596 licuit
501 2549 587 2607 libris,
599 2564 649 2596 non
663 2548 720 2596 licet
733 2546 769 2595 ire
783 2544 850 2592 milri.

310 2615 371 2667 Crini
387 2618 449 2668 bend
465 2622 588 2677 laudavit,
607 2619 704 2669 laudato
720 2618 790 2685 janua
805 2614 884 2666 clausa
898 2615 944 2667 est.

346 2692 462 2757 Turpiter
477 2694 524 2744 huc
539 2695 595 2743 illuc
611 2692 747 2759 ingeniosus
764 2708 805 2741 eo.

309 2763 374 2814 Ecce
384 2782 476 2828 ‚recens
492 2767 577 2826 dives,
595 2778 665 2833 parto
679 2783 723 2832 per
738 2766 837 2815 vulnera
851 2762 946 2820 censu,

267 2850 299 2886 10
346 2836 477 2888 Praesertur
492 2841 561 2890 nobis
578 2839 690 2908 sanguine
705 2839 782 2905 pasius
797 2853 879 2903 eques.

308 2908 379 2958 Hunc
397 2924 467 2974 potes
484 2913 593 2977 amplesti
609 2914 740 2969 formosis,
758 2912 825 2969 vita,
844 2904 969 2958 lacertis?

344 2981 423 3046 Hujus
440 2983 464 3031 in
481 2986 611 3049 amplexu,
628 2987 696 3043 vita,
713 2984 793 3050 jacere
809 2980 903 3048 potes?

309 3052 334 3103 Si
349 3055 442 3112 nescis,
463 3057 555 3123 galeam
573 3071 647 3122 caput
663 3060 710 3106 hoc
725 3065 821 3120 portare
840 3053 954 3103 solebat}

345 3124 406 3175 Ense
424 3128 487 3179 latus
504 3127 606 3178 cinisum
617 3162 629 3188 ‚
642 3129 708 3195 quod
722 3127 766 3178 tibi
783 3127 874 3186 servit,
890 3136 955 3180 erit·-
