<?xml version="1.0" encoding="UTF-8"?>
<!DOCTYPE html PUBLIC "-//W3C//DTD XHTML 1.0 Transitional//EN"
    "http://www.w3.org/TR/xhtml1/DTD/xhtml1-transitional.dtd">
<html xmlns="http://www.w3.org/1999/xhtml" xml:lang="en" lang="en">
 <head>
  <title>
</title>
<meta http-equiv="Content-Type" content="text/html;charset=utf-8" />
  <meta name='ocr-system' content='tesseract 3.04.00' />
  <meta name='ocr-capabilities' content='ocr_page ocr_carea ocr_par ocr_line ocrx_word'/>
</head>
<body>
  <div class='ocr_page' id='page_1' title='image "./povidiinasoniso00heingoog_0334.png"; bbox 0 0 2392 3892; ppageno 0'>
   <div class='ocr_carea' id='block_1_1' title="bbox 345 431 925 525">
    <p class='ocr_par' dir='ltr' id='par_1_1' title="bbox 345 431 925 525">
     <span class='ocr_line' id='line_1_1' title="bbox 345 431 925 525; baseline 0.005 -28"><span class='ocrx_word' id='word_1_1' title='bbox 345 431 763 499; x_wconf 60' lang='lat' dir='ltr'>Perennem</span> <span class='ocrx_word' id='word_1_2' title='bbox 847 437 925 525; x_wconf 58' lang='grc' dir='ltr'>3η</span> 
     </span>
    </p>
   </div>
   <div class='ocr_carea' id='block_1_2' title="bbox 184 543 1037 3023">
    <p class='ocr_par' dir='ltr' id='par_1_2' title="bbox 184 543 1037 3023">
     <span class='ocr_line' id='line_1_2' title="bbox 213 543 825 615; baseline -0.007 -14"><span class='ocrx_word' id='word_1_3' title='bbox 213 546 298 601; x_wconf 73' lang='lat' dir='ltr'>Curre</span> <span class='ocrx_word' id='word_1_4' title='bbox 314 552 412 615; x_wconf 83' lang='lat' dir='ltr'>placent</span> <span class='ocrx_word' id='word_1_5' title='bbox 424 549 485 607; x_wconf 80' lang='lat' dir='ltr'>ulli,</span> <span class='ocrx_word' id='word_1_6' title='bbox 503 548 524 600; x_wconf 89' lang='lat' dir='ltr'>si</span> <span class='ocrx_word' id='word_1_7' title='bbox 539 548 592 598; x_wconf 85' lang='lat' dir='ltr'>sunt</span> <span class='ocrx_word' id='word_1_8' title='bbox 607 547 632 596; x_wconf 90' lang='lat' dir='ltr'>in</span> <span class='ocrx_word' id='word_1_9' title='bbox 646 547 742 598; x_wconf 82' lang='lat' dir='ltr'>fletibus</span> <span class='ocrx_word' id='word_1_10' title='bbox 759 543 825 599; x_wconf 73' lang='lat' dir='ltr'>ota?</span> 
     </span>
     <span class='ocr_line' id='line_1_3' title="bbox 250 618 875 689; baseline -0.01 -15"><span class='ocrx_word' id='word_1_11' title='bbox 250 625 357 688; x_wconf 83' lang='lat' dir='ltr'>Depcrit</span> <span class='ocrx_word' id='word_1_12' title='bbox 375 625 400 674; x_wconf 77' lang='grc' dir='ltr'>δι</span> <span class='ocrx_word' id='word_1_13' title='bbox 416 623 529 689; x_wconf 83' lang='lat' dir='ltr'>lacrymis</span> <span class='ocrx_word' id='word_1_14' title='bbox 545 638 595 671; x_wconf 87' lang='lat' dir='ltr'>non</span> <span class='ocrx_word' id='word_1_15' title='bbox 610 622 685 670; x_wconf 89' lang='lat' dir='ltr'>decor</span> <span class='ocrx_word' id='word_1_16' title='bbox 702 620 745 670; x_wconf 85' lang='lat' dir='ltr'>iste</span> <span class='ocrx_word' id='word_1_17' title='bbox 759 618 827 670; x_wconf 75' lang='lat' dir='ltr'>tibi?</span> <span class='ocrx_word' id='word_1_18' title='bbox 866 651 875 667; x_wconf 85' lang='grc'><strong>.</strong></span> 
     </span>
     <span class='ocr_line' id='line_1_4' title="bbox 213 693 933 763; baseline -0.001 -16"><span class='ocrx_word' id='word_1_19' title='bbox 213 696 291 751; x_wconf 65' lang='lat' dir='ltr'>Parta</span> <span class='ocrx_word' id='word_1_20' title='bbox 296 712 393 763; x_wconf 90' lang='lat' dir='ltr'>quoque</span> <span class='ocrx_word' id='word_1_21' title='bbox 404 712 432 745; x_wconf 84' lang='lat' dir='ltr'>es</span> <span class='ocrx_word' id='word_1_22' title='bbox 440 696 545 746; x_wconf 79' lang='lat' dir='ltr'><strong>thalamo</strong></span> <span class='ocrx_word' id='word_1_23' title='bbox 557 727 565 752; x_wconf 86' lang='lat'>,</span> <span class='ocrx_word' id='word_1_24' title='bbox 578 695 623 743; x_wconf 91' lang='lat' dir='ltr'>nisi</span> <span class='ocrx_word' id='word_1_25' title='bbox 633 693 735 742; x_wconf 82' lang='lat' dir='ltr'>mendax</span> <span class='ocrx_word' id='word_1_26' title='bbox 746 696 795 743; x_wconf 90' lang='lat' dir='ltr'>tela</span> <span class='ocrx_word' id='word_1_27' title='bbox 806 706 933 755; x_wconf 78' lang='lat' dir='ltr'>moretur,</span> 
     </span>
     <span class='ocr_line' id='line_1_5' title="bbox 251 767 955 835; baseline -0.003 -16"><span class='ocrx_word' id='word_1_28' title='bbox 251 770 283 819; x_wconf 92' lang='lat' dir='ltr'>Et</span> <span class='ocrx_word' id='word_1_29' title='bbox 300 782 406 835; x_wconf 84' lang='lat' dir='ltr'>coeptum</span> <span class='ocrx_word' id='word_1_30' title='bbox 421 784 524 818; x_wconf 76' lang='lat' dir='ltr'>revoces</span> <span class='ocrx_word' id='word_1_31' title='bbox 542 768 628 817; x_wconf 75' lang='lat' dir='ltr'>callida</span> <span class='ocrx_word' id='word_1_32' title='bbox 644 767 737 832; x_wconf 84' lang='lat' dir='ltr'>semper</span> <span class='ocrx_word' id='word_1_33' title='bbox 755 784 826 834; x_wconf 82' lang='lat' dir='ltr'>opus.</span> <span class='ocrx_word' id='word_1_34' title='bbox 953 814 955 821; x_wconf 91' lang='grc'>,</span> 
     </span>
     <span class='ocr_line' id='line_1_6' title="bbox 215 839 969 908; baseline -0.003 -16"><span class='ocrx_word' id='word_1_35' title='bbox 215 842 263 895; x_wconf 80' lang='lat' dir='ltr'>Ars</span> <span class='ocrx_word' id='word_1_36' title='bbox 278 843 317 907; x_wconf 91' lang='lat' dir='ltr'>pia</span> <span class='ocrx_word' id='word_1_37' title='bbox 333 858 341 892; x_wconf 80' lang='lat' dir='ltr'>t</span> <span class='ocrx_word' id='word_1_38' title='bbox 357 842 398 891; x_wconf 79' lang='lat' dir='ltr'>sed</span> <span class='ocrx_word' id='word_1_39' title='bbox 414 841 510 908; x_wconf 84' lang='lat' dir='ltr'>quoties</span> <span class='ocrx_word' id='word_1_40' title='bbox 526 841 613 890; x_wconf 86' lang='lat' dir='ltr'>oculos</span> <span class='ocrx_word' id='word_1_41' title='bbox 630 839 774 891; x_wconf 78' lang='lat' dir='ltr'>frustrabere</span> <span class='ocrx_word' id='word_1_42' title='bbox 790 839 864 900; x_wconf 64' lang='lat' dir='ltr'>lani,</span> <span class='ocrx_word' id='word_1_43' title='bbox 913 885 917 894; x_wconf 82' lang='lat'><em>.</em></span> <span class='ocrx_word' id='word_1_44' title='bbox 939 856 969 904; x_wconf 86' lang='lat'>55</span> 
     </span>
     <span class='ocr_line' id='line_1_7' title="bbox 250 912 737 965; baseline -0.002 0"><span class='ocrx_word' id='word_1_45' title='bbox 250 914 390 965; x_wconf 75' lang='lat' dir='ltr'>Succeffum</span> <span class='ocrx_word' id='word_1_46' title='bbox 404 913 480 965; x_wconf 87' lang='lat' dir='ltr'>toties</span> <span class='ocrx_word' id='word_1_47' title='bbox 495 930 533 964; x_wconf 86' lang='lat' dir='ltr'>ars</span> <span class='ocrx_word' id='word_1_48' title='bbox 548 914 613 962; x_wconf 89' lang='lat' dir='ltr'>dabit</span> <span class='ocrx_word' id='word_1_49' title='bbox 627 912 669 963; x_wconf 75' lang='lat' dir='ltr'>ista</span> <span class='ocrx_word' id='word_1_50' title='bbox 682 914 737 964; x_wconf 83' lang='lat' dir='ltr'>tibi.</span> 
     </span>
     <span class='ocr_line' id='line_1_8' title="bbox 216 985 935 1056; baseline 0.001 -19"><span class='ocrx_word' id='word_1_51' title='bbox 216 988 257 1042; x_wconf 78' lang='lat' dir='ltr'>Ah</span> <span class='ocrx_word' id='word_1_52' title='bbox 275 987 281 1037; x_wconf 92' lang='lat'>!</span> <span class='ocrx_word' id='word_1_53' title='bbox 298 985 401 1056; x_wconf 77' lang='lat' dir='ltr'>melitis,</span> <span class='ocrx_word' id='word_1_54' title='bbox 418 986 590 1054; x_wconf 81' lang='lat' dir='ltr'><strong>Polypheme,</strong></span> <span class='ocrx_word' id='word_1_55' title='bbox 605 999 649 1037; x_wconf 92' lang='lat' dir='ltr'>tuo</span> <span class='ocrx_word' id='word_1_56' title='bbox 666 986 789 1053; x_wconf 83' lang='lat' dir='ltr'>superatus</span> <span class='ocrx_word' id='word_1_57' title='bbox 805 986 830 1039; x_wconf 89' lang='lat' dir='ltr'>in</span> <span class='ocrx_word' id='word_1_58' title='bbox 845 998 935 1046; x_wconf 80' lang='lat' dir='ltr'>autre,</span> 
     </span>
     <span class='ocr_line' id='line_1_9' title="bbox 253 1059 780 1127; baseline 0 -16"><span class='ocrx_word' id='word_1_59' title='bbox 253 1059 362 1111; x_wconf 82' lang='lat' dir='ltr'>Finiffem</span> <span class='ocrx_word' id='word_1_60' title='bbox 378 1060 486 1127; x_wconf 85' lang='lat' dir='ltr'>ingratos</span> <span class='ocrx_word' id='word_1_61' title='bbox 503 1060 532 1109; x_wconf 93' lang='lat' dir='ltr'>ad</span> <span class='ocrx_word' id='word_1_62' title='bbox 547 1061 609 1109; x_wconf 84' lang='lat' dir='ltr'>mala</span> <span class='ocrx_word' id='word_1_63' title='bbox 625 1072 692 1109; x_wconf 85' lang='lat' dir='ltr'>tanta</span> <span class='ocrx_word' id='word_1_64' title='bbox 709 1061 759 1111; x_wconf 84' lang='lat' dir='ltr'>dies</span> <span class='ocrx_word' id='word_1_65' title='bbox 772 1061 780 1111; x_wconf 92' lang='grc'>1</span> 
     </span>
     <span class='ocr_line' id='line_1_10' title="bbox 184 1130 959 1197; baseline 0 -12"><span class='ocrx_word' id='word_1_66' title='bbox 184 1138 191 1151; x_wconf 88' lang='lat'>&#39;</span> <span class='ocrx_word' id='word_1_67' title='bbox 216 1132 337 1185; x_wconf 73' lang='lat' dir='ltr'>Thrd&#39;icio</span> <span class='ocrx_word' id='word_1_68' title='bbox 353 1130 440 1182; x_wconf 76' lang='lat' dir='ltr'>melitis</span> <span class='ocrx_word' id='word_1_69' title='bbox 457 1132 590 1183; x_wconf 74' lang='lat' dir='ltr'>cecidissem</span> <span class='ocrx_word' id='word_1_70' title='bbox 608 1133 683 1183; x_wconf 88' lang='lat' dir='ltr'>milite</span> <span class='ocrx_word' id='word_1_71' title='bbox 699 1133 794 1193; x_wconf 67' lang='lat' dir='ltr'>vidus,</span> <span class='ocrx_word' id='word_1_72' title='bbox 954 1187 959 1197; x_wconf 63' lang='lat'><em>„</em></span> 
     </span>
     <span class='ocr_line' id='line_1_11' title="bbox 254 1204 973 1262; baseline -0.004 -2"><span class='ocrx_word' id='word_1_73' title='bbox 254 1207 360 1260; x_wconf 84' lang='lat' dir='ltr'>Ismaron</span> <span class='ocrx_word' id='word_1_74' title='bbox 376 1217 485 1262; x_wconf 79' lang='lat' dir='ltr'>errantes</span> <span class='ocrx_word' id='word_1_75' title='bbox 500 1204 554 1258; x_wconf 79' lang='lat' dir='ltr'>edm</span> <span class='ocrx_word' id='word_1_76' title='bbox 568 1215 671 1256; x_wconf 84' lang='lat' dir='ltr'>tenuere</span> <span class='ocrx_word' id='word_1_77' title='bbox 687 1221 773 1260; x_wconf 76' lang='lat' dir='ltr'>rates:</span> <span class='ocrx_word' id='word_1_78' title='bbox 827 1238 829 1242; x_wconf 20' lang='grc' dir='ltr'><em>Α</em></span> <span class='ocrx_word' id='word_1_79' title='bbox 937 1204 973 1258; x_wconf 87' lang='lat'>60</span> 
     </span>
     <span class='ocr_line' id='line_1_12' title="bbox 218 1277 904 1344; baseline -0.004 -10"><span class='ocrx_word' id='word_1_80' title='bbox 218 1281 382 1334; x_wconf 83' lang='lat' dir='ltr'>Crudelemve</span> <span class='ocrx_word' id='word_1_81' title='bbox 398 1280 443 1329; x_wconf 83' lang='lat' dir='ltr'>illo</span> <span class='ocrx_word' id='word_1_82' title='bbox 458 1278 572 1329; x_wconf 80' lang='lat' dir='ltr'>satiaffem</span> <span class='ocrx_word' id='word_1_83' title='bbox 586 1291 698 1344; x_wconf 80' lang='lat' dir='ltr'>tempore</span> <span class='ocrx_word' id='word_1_84' title='bbox 713 1277 818 1341; x_wconf 82' lang='lat' dir='ltr'>Ditem,</span> <span class='ocrx_word' id='word_1_85' title='bbox 901 1324 904 1330; x_wconf 93' lang='grc'><em>,</em></span> 
     </span>
     <span class='ocr_line' id='line_1_13' title="bbox 254 1352 826 1419; baseline -0.004 -14"><span class='ocrx_word' id='word_1_86' title='bbox 254 1354 312 1418; x_wconf 88' lang='lat' dir='ltr'>Quo</span> <span class='ocrx_word' id='word_1_87' title='bbox 328 1353 389 1405; x_wconf 87' lang='lat' dir='ltr'>redii</span> <span class='ocrx_word' id='word_1_88' title='bbox 406 1353 515 1419; x_wconf 80' lang='lat' dir='ltr'>Stygiis,</span> <span class='ocrx_word' id='word_1_89' title='bbox 530 1352 579 1402; x_wconf 80' lang='lat' dir='ltr'>fata</span> <span class='ocrx_word' id='word_1_90' title='bbox 592 1366 719 1411; x_wconf 86' lang='lat' dir='ltr'>moratus,</span> <span class='ocrx_word' id='word_1_91' title='bbox 736 1354 826 1419; x_wconf 86' lang='lat' dir='ltr'>aquis</span> 
     </span>
     <span class='ocr_line' id='line_1_14' title="bbox 216 1424 876 1493; baseline -0.005 -15"><span class='ocrx_word' id='word_1_92' title='bbox 216 1429 275 1484; x_wconf 86' lang='lat' dir='ltr'>vidi</span> <span class='ocrx_word' id='word_1_93' title='bbox 282 1427 345 1486; x_wconf 86' lang='lat' dir='ltr'>ubi,</span> <span class='ocrx_word' id='word_1_94' title='bbox 366 1428 523 1493; x_wconf 77' lang='lat' dir='ltr'>nequicquam</span> <span class='ocrx_word' id='word_1_95' title='bbox 535 1426 601 1492; x_wconf 90' lang='lat' dir='ltr'>quod</span> <span class='ocrx_word' id='word_1_96' title='bbox 610 1442 648 1474; x_wconf 87' lang='lat' dir='ltr'>me</span> <span class='ocrx_word' id='word_1_97' title='bbox 658 1436 701 1475; x_wconf 86' lang='lat' dir='ltr'>tua</span> <span class='ocrx_word' id='word_1_98' title='bbox 711 1424 783 1478; x_wconf 88' lang='lat' dir='ltr'>litera</span> <span class='ocrx_word' id='word_1_99' title='bbox 793 1425 876 1485; x_wconf 85' lang='lat' dir='ltr'>celat,</span> 
     </span>
     <span class='ocr_line' id='line_1_15' title="bbox 252 1499 960 1568; baseline 0 -17"><span class='ocrx_word' id='word_1_100' title='bbox 252 1501 339 1567; x_wconf 83' lang='lat' dir='ltr'>Sospes</span> <span class='ocrx_word' id='word_1_101' title='bbox 351 1499 458 1568; x_wconf 70' lang='lat' dir='ltr'>digredo</span> <span class='ocrx_word' id='word_1_102' title='bbox 472 1518 525 1566; x_wconf 85' lang='lat' dir='ltr'>quae</span> <span class='ocrx_word' id='word_1_103' title='bbox 540 1499 597 1548; x_wconf 84' lang='lat' dir='ltr'>mihi</span> <span class='ocrx_word' id='word_1_104' title='bbox 612 1509 688 1549; x_wconf 85' lang='lat' dir='ltr'>mater</span> <span class='ocrx_word' id='word_1_105' title='bbox 703 1511 766 1551; x_wconf 83' lang='lat' dir='ltr'>erat.</span> <span class='ocrx_word' id='word_1_106' title='bbox 957 1547 960 1551; x_wconf 85' lang='lat'><strong>.</strong></span> 
     </span>
     <span class='ocr_line' id='line_1_16' title="bbox 214 1571 1037 1640; baseline -0.002 -15"><span class='ocrx_word' id='word_1_107' title='bbox 214 1575 309 1625; x_wconf 83' lang='lat' dir='ltr'>Retulit</span> <span class='ocrx_word' id='word_1_108' title='bbox 319 1574 359 1624; x_wconf 82' lang='lat' dir='ltr'>dle</span> <span class='ocrx_word' id='word_1_109' title='bbox 371 1573 456 1623; x_wconf 70' lang='lat' dir='ltr'>mucis</span> <span class='ocrx_word' id='word_1_110' title='bbox 466 1573 551 1622; x_wconf 87' lang='lat' dir='ltr'>eadem</span> <span class='ocrx_word' id='word_1_111' title='bbox 561 1572 642 1622; x_wconf 83' lang='lat' dir='ltr'>mala.</span> <span class='ocrx_word' id='word_1_112' title='bbox 653 1586 740 1639; x_wconf 84' lang='lat' dir='ltr'>meque</span> <span class='ocrx_word' id='word_1_113' title='bbox 750 1584 908 1640; x_wconf 82' lang='lat' dir='ltr'>querentem</span> <span class='ocrx_word' id='word_1_114' title='bbox 941 1571 973 1635; x_wconf 84' lang='lat'>65</span> <span class='ocrx_word' id='word_1_115' title='bbox 1034 1580 1037 1591; x_wconf 73' lang='lat'><em>&#39;</em></span> 
     </span>
     <span class='ocr_line' id='line_1_17' title="bbox 252 1645 779 1713; baseline 0 -16"><span class='ocrx_word' id='word_1_116' title='bbox 252 1647 342 1713; x_wconf 80' lang='lat' dir='ltr'>Fugit,</span> <span class='ocrx_word' id='word_1_117' title='bbox 361 1645 400 1695; x_wconf 80' lang='lat' dir='ltr'>ab</span> <span class='ocrx_word' id='word_1_118' title='bbox 407 1646 519 1711; x_wconf 83' lang='lat' dir='ltr'>amplexu</span> <span class='ocrx_word' id='word_1_119' title='bbox 536 1657 574 1695; x_wconf 84' lang='lat' dir='ltr'>ter</span> <span class='ocrx_word' id='word_1_120' title='bbox 588 1646 696 1696; x_wconf 84' lang='lat' dir='ltr'>resoluta</span> <span class='ocrx_word' id='word_1_121' title='bbox 713 1662 779 1697; x_wconf 89' lang='lat' dir='ltr'>meo</span> 
     </span>
     <span class='ocr_line' id='line_1_18' title="bbox 216 1718 813 1790; baseline -0.002 -20"><span class='ocrx_word' id='word_1_122' title='bbox 216 1720 375 1786; x_wconf 85' lang='lat' dir='ltr'>Phyliaciden</span> <span class='ocrx_word' id='word_1_123' title='bbox 391 1719 465 1768; x_wconf 84' lang='lat' dir='ltr'>vidi:</span> <span class='ocrx_word' id='word_1_124' title='bbox 484 1719 612 1790; x_wconf 82' lang='lat' dir='ltr'>contemtis</span> <span class='ocrx_word' id='word_1_125' title='bbox 630 1718 753 1777; x_wconf 85' lang='lat' dir='ltr'>sortibus,</span> <span class='ocrx_word' id='word_1_126' title='bbox 770 1718 813 1769; x_wconf 86' lang='lat' dir='ltr'>ille</span> 
     </span>
     <span class='ocr_line' id='line_1_19' title="bbox 254 1790 830 1843; baseline 0.002 -2"><span class='ocrx_word' id='word_1_127' title='bbox 254 1791 371 1843; x_wconf 81' lang='lat' dir='ltr'>Primus</span> <span class='ocrx_word' id='word_1_128' title='bbox 364 1810 389 1842; x_wconf 81' lang='lat' dir='ltr'>tn</span> <span class='ocrx_word' id='word_1_129' title='bbox 403 1790 539 1841; x_wconf 75' lang='lat' dir='ltr'>Hedoreas</span> <span class='ocrx_word' id='word_1_130' title='bbox 555 1791 636 1841; x_wconf 88' lang='lat' dir='ltr'>intulit</span> <span class='ocrx_word' id='word_1_131' title='bbox 651 1808 715 1841; x_wconf 86' lang='lat' dir='ltr'>arma</span> <span class='ocrx_word' id='word_1_132' title='bbox 732 1793 830 1842; x_wconf 89' lang='lat' dir='ltr'>domos</span> 
     </span>
     <span class='ocr_line' id='line_1_20' title="bbox 216 1862 872 1932; baseline -0.003 -14"><span class='ocrx_word' id='word_1_133' title='bbox 216 1865 287 1918; x_wconf 81' lang='lat' dir='ltr'>Felix</span> <span class='ocrx_word' id='word_1_134' title='bbox 302 1864 398 1915; x_wconf 71' lang='lat' dir='ltr'>laudati</span> <span class='ocrx_word' id='word_1_135' title='bbox 411 1879 465 1914; x_wconf 89' lang='lat' dir='ltr'>cum</span> <span class='ocrx_word' id='word_1_136' title='bbox 477 1862 607 1932; x_wconf 74' lang='lat' dir='ltr'>conjuge.</span> <span class='ocrx_word' id='word_1_137' title='bbox 601 1863 607 1912; x_wconf 90' lang='lat'><strong>!</strong></span> <span class='ocrx_word' id='word_1_138' title='bbox 623 1865 678 1914; x_wconf 80' lang='lat' dir='ltr'>laeta</span> <span class='ocrx_word' id='word_1_139' title='bbox 691 1880 737 1929; x_wconf 84' lang='lat' dir='ltr'>per</span> <span class='ocrx_word' id='word_1_140' title='bbox 750 1865 872 1916; x_wconf 76' lang='lat' dir='ltr'>umbras·</span> 
     </span>
     <span class='ocr_line' id='line_1_21' title="bbox 253 1937 974 2002; baseline 0.001 -15"><span class='ocrx_word' id='word_1_141' title='bbox 253 1938 298 1987; x_wconf 82' lang='lat' dir='ltr'>illa</span> <span class='ocrx_word' id='word_1_142' title='bbox 314 1938 380 1988; x_wconf 87' lang='lat' dir='ltr'>suum</span> <span class='ocrx_word' id='word_1_143' title='bbox 398 1938 497 1988; x_wconf 80' lang='lat' dir='ltr'>fortes</span> <span class='ocrx_word' id='word_1_144' title='bbox 490 1950 510 1986; x_wconf 84' lang='lat' dir='ltr'>rt</span> <span class='ocrx_word' id='word_1_145' title='bbox 527 1937 643 1987; x_wconf 83' lang='lat' dir='ltr'>comitata</span> <span class='ocrx_word' id='word_1_146' title='bbox 659 1937 747 1989; x_wconf 81' lang='lat' dir='ltr'>virum.</span> <span class='ocrx_word' id='word_1_147' title='bbox 807 1944 809 1947; x_wconf 84' lang='lat'>&#39;</span> <span class='ocrx_word' id='word_1_148' title='bbox 939 1954 974 2002; x_wconf 81' lang='lat'>70</span> 
     </span>
     <span class='ocr_line' id='line_1_22' title="bbox 216 2008 920 2062; baseline 0 0"><span class='ocrx_word' id='word_1_149' title='bbox 216 2012 273 2062; x_wconf 87' lang='lat' dir='ltr'>Nec</span> <span class='ocrx_word' id='word_1_150' title='bbox 290 2010 347 2062; x_wconf 83' lang='lat' dir='ltr'>dum</span> <span class='ocrx_word' id='word_1_151' title='bbox 362 2011 397 2060; x_wconf 88' lang='grc'><strong>1111</strong></span> <span class='ocrx_word' id='word_1_152' title='bbox 412 2008 527 2060; x_wconf 81' lang='lat' dir='ltr'>Lachesis</span> <span class='ocrx_word' id='word_1_153' title='bbox 544 2009 623 2060; x_wconf 74' lang='lat' dir='ltr'>diuos</span> <span class='ocrx_word' id='word_1_154' title='bbox 639 2020 809 2061; x_wconf 82' lang='lat' dir='ltr'>numeraverat</span> <span class='ocrx_word' id='word_1_155' title='bbox 824 2017 920 2062; x_wconf 75' lang='lat' dir='ltr'>annosi</span> 
     </span>
     <span class='ocr_line' id='line_1_23' title="bbox 254 2080 811 2151; baseline -0.004 -18"><span class='ocrx_word' id='word_1_156' title='bbox 254 2084 303 2133; x_wconf 87' lang='lat' dir='ltr'>Sed</span> <span class='ocrx_word' id='word_1_157' title='bbox 319 2082 391 2151; x_wconf 80' lang='lat' dir='ltr'>juvat</span> <span class='ocrx_word' id='word_1_158' title='bbox 405 2093 462 2132; x_wconf 80' lang='lat' dir='ltr'>ante</span> <span class='ocrx_word' id='word_1_159' title='bbox 479 2082 545 2132; x_wconf 82' lang='lat' dir='ltr'>suum</span> <span class='ocrx_word' id='word_1_160' title='bbox 561 2082 597 2131; x_wconf 85' lang='lat' dir='ltr'>sic</span> <span class='ocrx_word' id='word_1_161' title='bbox 613 2080 723 2131; x_wconf 83' lang='lat' dir='ltr'>cecidisse</span> <span class='ocrx_word' id='word_1_162' title='bbox 738 2082 811 2131; x_wconf 78' lang='lat' dir='ltr'>dierm</span> 
     </span>
     <span class='ocr_line' id='line_1_24' title="bbox 216 2154 848 2223; baseline -0.005 -16"><span class='ocrx_word' id='word_1_163' title='bbox 216 2158 298 2216; x_wconf 72' lang='lat' dir='ltr'>Vidia</span> <span class='ocrx_word' id='word_1_164' title='bbox 317 2173 363 2207; x_wconf 87' lang='lat' dir='ltr'>nec</span> <span class='ocrx_word' id='word_1_165' title='bbox 382 2158 499 2223; x_wconf 82' lang='lat' dir='ltr'>lacrymas</span> <span class='ocrx_word' id='word_1_166' title='bbox 516 2154 581 2205; x_wconf 85' lang='lat' dir='ltr'>oculi</span> <span class='ocrx_word' id='word_1_167' title='bbox 595 2167 698 2205; x_wconf 82' lang='lat' dir='ltr'>tenuere</span> <span class='ocrx_word' id='word_1_168' title='bbox 715 2155 848 2214; x_wconf 77' lang='lat' dir='ltr'>cadentes,</span> 
     </span>
     <span class='ocr_line' id='line_1_25' title="bbox 255 2226 953 2286; baseline -0.007 -4"><span class='ocrx_word' id='word_1_169' title='bbox 255 2231 400 2281; x_wconf 73' lang='lat' dir='ltr'>Deformem</span> <span class='ocrx_word' id='word_1_170' title='bbox 417 2228 541 2286; x_wconf 73' lang='lat' dir='ltr'>Atriden,</span> <span class='ocrx_word' id='word_1_171' title='bbox 558 2228 600 2278; x_wconf 84' lang='lat' dir='ltr'>hei</span> <span class='ocrx_word' id='word_1_172' title='bbox 615 2227 672 2277; x_wconf 85' lang='lat' dir='ltr'>mihi</span> <span class='ocrx_word' id='word_1_173' title='bbox 687 2226 694 2277; x_wconf 90' lang='grc'>1</span> <span class='ocrx_word' id='word_1_174' title='bbox 711 2228 778 2278; x_wconf 70' lang='lat' dir='ltr'>cede</span> <span class='ocrx_word' id='word_1_175' title='bbox 794 2227 872 2279; x_wconf 50' lang='lat' dir='ltr'>nov&amp;</span> <span class='ocrx_word' id='word_1_176' title='bbox 951 2264 953 2269; x_wconf 81' lang='lat'><em>-</em></span> 
     </span>
     <span class='ocr_line' id='line_1_26' title="bbox 217 2301 972 2370; baseline -0.009 -14"><span class='ocrx_word' id='word_1_177' title='bbox 217 2306 290 2356; x_wconf 85' lang='lat' dir='ltr'>Illum</span> <span class='ocrx_word' id='word_1_178' title='bbox 305 2303 382 2370; x_wconf 78' lang='lat' dir='ltr'>Troja</span> <span class='ocrx_word' id='word_1_179' title='bbox 397 2302 475 2353; x_wconf 80' lang='lat' dir='ltr'>uirum</span> <span class='ocrx_word' id='word_1_180' title='bbox 491 2318 541 2352; x_wconf 86' lang='lat' dir='ltr'>non</span> <span class='ocrx_word' id='word_1_181' title='bbox 556 2301 650 2352; x_wconf 80' lang='lat' dir='ltr'>laeserat</span> <span class='ocrx_word' id='word_1_182' title='bbox 666 2317 674 2352; x_wconf 73' lang='lat' dir='ltr'><strong><em>z</em></strong></span> <span class='ocrx_word' id='word_1_183' title='bbox 689 2301 730 2351; x_wconf 89' lang='lat' dir='ltr'>ille</span> <span class='ocrx_word' id='word_1_184' title='bbox 744 2302 865 2352; x_wconf 73' lang='lat' dir='ltr'>fruentem</span> <span class='ocrx_word' id='word_1_185' title='bbox 939 2316 972 2363; x_wconf 88' lang='lat'>75</span> 
     </span>
     <span class='ocr_line' id='line_1_27' title="bbox 256 2374 1008 2443; baseline -0.003 -18"><span class='ocrx_word' id='word_1_186' title='bbox 256 2378 397 2443; x_wconf 79' lang='lat' dir='ltr'>Nauplion,</span> <span class='ocrx_word' id='word_1_187' title='bbox 409 2374 541 2425; x_wconf 69' lang='lat' dir='ltr'>Euboicos</span> <span class='ocrx_word' id='word_1_188' title='bbox 559 2375 737 2441; x_wconf 79' lang='lat' dir='ltr'>transieratque</span> <span class='ocrx_word' id='word_1_189' title='bbox 756 2376 831 2424; x_wconf 75' lang='lat' dir='ltr'>sinus·</span> <span class='ocrx_word' id='word_1_190' title='bbox 1001 2423 1008 2430; x_wconf 18' lang='grc' dir='ltr'><strong>Ν</strong></span> 
     </span>
     <span class='ocr_line' id='line_1_28' title="bbox 218 2444 920 2515; baseline -0.001 -16"><span class='ocrx_word' id='word_1_191' title='bbox 218 2450 286 2515; x_wconf 84' lang='lat' dir='ltr'>Quid</span> <span class='ocrx_word' id='word_1_192' title='bbox 303 2450 379 2500; x_wconf 80' lang='lat' dir='ltr'>refert</span> <span class='ocrx_word' id='word_1_193' title='bbox 391 2448 405 2499; x_wconf 77' lang='grc'>1</span> <span class='ocrx_word' id='word_1_194' title='bbox 420 2448 520 2497; x_wconf 86' lang='lat' dir='ltr'>animam</span> <span class='ocrx_word' id='word_1_195' title='bbox 534 2465 580 2515; x_wconf 79' lang='lat' dir='ltr'>pet</span> <span class='ocrx_word' id='word_1_196' title='bbox 593 2448 697 2498; x_wconf 78' lang='lat' dir='ltr'>vulnera</span> <span class='ocrx_word' id='word_1_197' title='bbox 714 2448 782 2498; x_wconf 79' lang='lat' dir='ltr'>mitte</span> <span class='ocrx_word' id='word_1_198' title='bbox 793 2444 920 2515; x_wconf 80' lang='lat' dir='ltr'>profudit,</span> 
     </span>
     <span class='ocr_line' id='line_1_29' title="bbox 256 2520 771 2574; baseline -0.006 0"><span class='ocrx_word' id='word_1_199' title='bbox 256 2522 308 2574; x_wconf 86' lang='lat' dir='ltr'>Jarn</span> <span class='ocrx_word' id='word_1_200' title='bbox 326 2523 409 2573; x_wconf 88' lang='lat' dir='ltr'>reduci</span> <span class='ocrx_word' id='word_1_201' title='bbox 427 2522 522 2572; x_wconf 82' lang='lat' dir='ltr'>solvens</span> <span class='ocrx_word' id='word_1_202' title='bbox 538 2523 620 2573; x_wconf 85' lang='lat' dir='ltr'>debita</span> <span class='ocrx_word' id='word_1_203' title='bbox 632 2534 692 2572; x_wconf 81' lang='lat' dir='ltr'>vota</span> <span class='ocrx_word' id='word_1_204' title='bbox 706 2520 771 2574; x_wconf 84' lang='lat' dir='ltr'>Iovi.</span> 
     </span>
     <span class='ocr_line' id='line_1_30' title="bbox 213 2595 911 2664; baseline -0.001 -19"><span class='ocrx_word' id='word_1_205' title='bbox 213 2595 345 2664; x_wconf 72' lang='lat' dir='ltr'>Tyndaris</span> <span class='ocrx_word' id='word_1_206' title='bbox 362 2595 457 2656; x_wconf 73' lang='lat' dir='ltr'>hasilli</span> <span class='ocrx_word' id='word_1_207' title='bbox 472 2595 528 2645; x_wconf 85' lang='lat' dir='ltr'>laeso</span> <span class='ocrx_word' id='word_1_208' title='bbox 543 2613 589 2661; x_wconf 84' lang='lat' dir='ltr'>pro</span> <span class='ocrx_word' id='word_1_209' title='bbox 605 2596 699 2645; x_wconf 79' lang='lat' dir='ltr'>foedere</span> <span class='ocrx_word' id='word_1_210' title='bbox 714 2611 800 2660; x_wconf 79' lang='lat' dir='ltr'>poenas</span> <span class='ocrx_word' id='word_1_211' title='bbox 906 2647 911 2657; x_wconf 65' lang='lat'><em>,</em></span> 
     </span>
     <span class='ocr_line' id='line_1_31' title="bbox 257 2664 978 2732; baseline -0.006 -15"><span class='ocrx_word' id='word_1_212' title='bbox 257 2669 404 2726; x_wconf 79' lang='lat' dir='ltr'>Struxerat3</span> <span class='ocrx_word' id='word_1_213' title='bbox 421 2679 538 2716; x_wconf 86' lang='lat' dir='ltr'>externos</span> <span class='ocrx_word' id='word_1_214' title='bbox 555 2668 605 2732; x_wconf 77' lang='lat' dir='ltr'>ipsa</span> <span class='ocrx_word' id='word_1_215' title='bbox 621 2668 704 2716; x_wconf 85' lang='lat' dir='ltr'>secuta</span> <span class='ocrx_word' id='word_1_216' title='bbox 717 2666 795 2715; x_wconf 76' lang='lat' dir='ltr'>viros.</span> <span class='ocrx_word' id='word_1_217' title='bbox 943 2664 978 2714; x_wconf 74' lang='lat'>80</span> 
     </span>
     <span class='ocr_line' id='line_1_32' title="bbox 219 2734 906 2806; baseline -0.01 -13"><span class='ocrx_word' id='word_1_218' title='bbox 219 2740 261 2793; x_wconf 75' lang='lat' dir='ltr'>Ah</span> <span class='ocrx_word' id='word_1_219' title='bbox 275 2740 281 2790; x_wconf 82' lang='lat'>1</span> <span class='ocrx_word' id='word_1_220' title='bbox 294 2740 353 2789; x_wconf 87' lang='lat' dir='ltr'>mihi</span> <span class='ocrx_word' id='word_1_221' title='bbox 368 2740 425 2806; x_wconf 86' lang='lat' dir='ltr'>quid</span> <span class='ocrx_word' id='word_1_222' title='bbox 439 2738 554 2804; x_wconf 73' lang='lat' dir='ltr'>prodest,</span> <span class='ocrx_word' id='word_1_223' title='bbox 576 2738 683 2803; x_wconf 75' lang='lat' dir='ltr'>captivas</span> <span class='ocrx_word' id='word_1_224' title='bbox 692 2736 826 2787; x_wconf 83' lang='lat' dir='ltr'>Teucridas</span> <span class='ocrx_word' id='word_1_225' title='bbox 841 2734 906 2787; x_wconf 78' lang='lat' dir='ltr'>iuter</span> 
     </span>
     <span class='ocr_line' id='line_1_33' title="bbox 258 2809 842 2877; baseline -0.005 -15"><span class='ocrx_word' id='word_1_226' title='bbox 258 2811 320 2863; x_wconf 79' lang='lat' dir='ltr'>Crim</span> <span class='ocrx_word' id='word_1_227' title='bbox 336 2812 407 2863; x_wconf 78' lang='lat' dir='ltr'>staret</span> <span class='ocrx_word' id='word_1_228' title='bbox 424 2810 515 2877; x_wconf 81' lang='lat' dir='ltr'>conjux</span> <span class='ocrx_word' id='word_1_229' title='bbox 536 2811 649 2861; x_wconf 63' lang='lat' dir='ltr'>Hectoris</span> <span class='ocrx_word' id='word_1_230' title='bbox 664 2823 737 2877; x_wconf 85' lang='lat' dir='ltr'>atque</span> <span class='ocrx_word' id='word_1_231' title='bbox 754 2809 842 2869; x_wconf 83' lang='lat' dir='ltr'>soror,</span> 
     </span>
     <span class='ocr_line' id='line_1_34' title="bbox 221 2881 823 2951; baseline -0.008 -14"><span class='ocrx_word' id='word_1_232' title='bbox 221 2886 332 2937; x_wconf 66' lang='lat' dir='ltr'>Defediis</span> <span class='ocrx_word' id='word_1_233' title='bbox 347 2885 466 2936; x_wconf 88' lang='lat' dir='ltr'>Hecuben</span> <span class='ocrx_word' id='word_1_234' title='bbox 485 2881 565 2950; x_wconf 86' lang='lat' dir='ltr'>potids</span> <span class='ocrx_word' id='word_1_235' title='bbox 580 2883 662 2951; x_wconf 76' lang='lat' dir='ltr'>legisse</span> <span class='ocrx_word' id='word_1_236' title='bbox 679 2883 720 2933; x_wconf 77' lang='lat' dir='ltr'>sub</span> <span class='ocrx_word' id='word_1_237' title='bbox 736 2884 823 2941; x_wconf 83' lang='lat' dir='ltr'>annis,</span> 
     </span>
     <span class='ocr_line' id='line_1_35' title="bbox 259 2954 781 3023; baseline -0.008 -14"><span class='ocrx_word' id='word_1_238' title='bbox 259 2958 298 3009; x_wconf 89' lang='lat' dir='ltr'>Ne</span> <span class='ocrx_word' id='word_1_239' title='bbox 314 2958 358 3010; x_wconf 84' lang='lat' dir='ltr'>tibi</span> <span class='ocrx_word' id='word_1_240' title='bbox 375 2957 493 3023; x_wconf 75' lang='lat' dir='ltr'>suspedus</span> <span class='ocrx_word' id='word_1_241' title='bbox 509 2958 603 3022; x_wconf 85' lang='lat' dir='ltr'>pellicis</span> <span class='ocrx_word' id='word_1_242' title='bbox 618 2956 677 3007; x_wconf 74' lang='lat' dir='ltr'>esset</span> <span class='ocrx_word' id='word_1_243' title='bbox 691 2954 781 3006; x_wconf 75' lang='lat' dir='ltr'>amor?</span> 
     </span>
    </p>
   </div>
   <div class='ocr_carea' id='block_1_3' title="bbox 224 3028 974 3172">
    <p class='ocr_par' dir='ltr' id='par_1_3' title="bbox 224 2993 974 3172">
     <span class='ocr_line' id='line_1_36' title="bbox 224 3028 974 3096; baseline -0.001 -17"><span class='ocrx_word' id='word_1_244' title='bbox 224 3028 301 3079; x_wconf 75' lang='lat' dir='ltr'>Prima</span> <span class='ocrx_word' id='word_1_245' title='bbox 317 3033 377 3083; x_wconf 88' lang='lat' dir='ltr'>meis</span> <span class='ocrx_word' id='word_1_246' title='bbox 392 3046 464 3082; x_wconf 89' lang='lat' dir='ltr'>omen</span> <span class='ocrx_word' id='word_1_247' title='bbox 481 3031 637 3080; x_wconf 82' lang='lat' dir='ltr'>metuendum</span> <span class='ocrx_word' id='word_1_248' title='bbox 652 3030 772 3096; x_wconf 80' lang='lat' dir='ltr'>puppibus</span> <span class='ocrx_word' id='word_1_249' title='bbox 787 3029 828 3079; x_wconf 81' lang='lat' dir='ltr'>illa</span> <span class='ocrx_word' id='word_1_250' title='bbox 943 3028 974 3092; x_wconf 83' lang='lat'>85</span> 
     </span>
     <span class='ocr_line' id='line_1_37' title="bbox 261 3102 883 3172; baseline -0.006 -20"><span class='ocrx_word' id='word_1_251' title='bbox 261 3102 353 3157; x_wconf 68' lang='lat' dir='ltr'>rectu:</span> <span class='ocrx_word' id='word_1_252' title='bbox 369 3123 419 3157; x_wconf 86' lang='lat' dir='ltr'>nun</span> <span class='ocrx_word' id='word_1_253' title='bbox 434 3103 544 3159; x_wconf 82' lang='lat' dir='ltr'>membris</span> <span class='ocrx_word' id='word_1_254' title='bbox 560 3104 609 3172; x_wconf 80' lang='lat' dir='ltr'>ipsa</span> <span class='ocrx_word' id='word_1_255' title='bbox 624 3115 722 3171; x_wconf 80' lang='lat' dir='ltr'>reperta</span> <span class='ocrx_word' id='word_1_256' title='bbox 739 3102 796 3153; x_wconf 83' lang='lat' dir='ltr'>suis.</span> <span class='ocrx_word' id='word_1_257' title='bbox 869 3142 883 3149; x_wconf 88' lang='lat'>..</span> 
     </span>
    </p>
   </div>
   <div class='ocr_carea' id='block_1_4' title="bbox 823 3193 889 3243">
    <p class='ocr_par' dir='ltr' id='par_1_4' title="bbox 823 3193 889 3243">
     <span class='ocr_line' id='line_1_38' title="bbox 823 3193 889 3243; baseline 0 0"><span class='ocrx_word' id='word_1_258' title='bbox 823 3193 889 3243; x_wconf 64' lang='lat' dir='ltr'>on</span> 
     </span>
    </p>
   </div>
   <div class='ocr_carea' id='block_1_5' title="bbox 0 0 1209 3892">
    <p class='ocr_par' dir='ltr' id='par_1_5' title="bbox 0 0 1209 3892">
     <span class='ocr_line' id='line_1_39' title="bbox 0 0 1209 3892; baseline 0 0"><span class='ocrx_word' id='word_1_259' title='bbox 0 0 1209 3892; x_wconf 95' lang='lat' dir='ltr'> </span> 
     </span>
    </p>
   </div>
  </div>
 </body>
</html>
