2392 3892
291 463 364 534 ¹24
418 440 900 513 OvsnsrArrortvM

286 564 312 612 Si
325 561 448 612 tibi'sorte
465 561 549 617 dabit,
568 575 628 624 quos
644 560 824 626 praegullaverit
836 564 905 628 ipse,

225 654 228 660 ·
322 633 409 699 chice
423 635 511 683 libatos
525 633 587 682 illius
604 647 648 682 ora
663 633 740 683 cibos.

243 723 257 777 3
264 724 275 773 5
287 709 341 758 Nec
356 718 449 773 premat
462 705 578 771 impositis
591 705 664 755 sinito
680 718 722 756 tua
737 699 800 756 cdlla
817 708 933 760 lacertis:

324 780 387 830 Mite
405 796 450 829 nec
468 778 492 827 in
508 778 585 845 rigido
602 778 700 843 pestere
716 796 780 844 pone
797 794 880 846 caput.

270 897 274 904 .
287 854 341 905 Nec
359 853 424 903 sinus
440 851 550 902 admittat
566 851 674 917 digitos,
690 852 813 903 habilesve
829 855 935 921 papilla.

324 925 416 979 Oscula
430 922 551 989 praecipu'e
567 925 633 974 nulla
649 924 737 975 dedisse
752 926 823 977 velis.
952 983 954 988 ¹

289 999 380 1050 Oscula
396 999 417 1048 si
433 997 547 1056 dederis,
563 995 618 1045 fiam
634 997 770 1049 manifestus
786 1012 902 1054 amaron

243 1090 278 1137 40
326 1073 358 1123 Et
372 1071 466 1129 dicam,
484 1070 543 1120 Mea
560 1069 614 1120 sunt
630 1086 637 1119 :
654 1070 805 1136 injiciamque
822 1090 915 1124 manus.

287 1146 348 1197 llaec
363 1158 443 1194 tamen
459 1143 589 1207 aspiciam
608 1142 649 1192 scd
665 1161 718 1210 quae
733 1143 796 1193 bene
811 1147 883 1210 pallia
898 1149 974 1198 celtot

324 1219 367 1267 llla
383 1216 440 1265 mibi
455 1215 513 1266 caeci
529 1215 600 1265 causa
615 1215 708 1266 timoris
724 1228 804 1267 crunt.

286 1292 341 1342 Nec
352 1290 439 1340 semoti
450 1288 574 1338 committe
585 1289 664 1340 lemur
674 1323 682 1349 ,
698 1304 744 1339 nec
755 1306 824 1340 crure
835 1292 953 1354 cohaere,

323 1365 378 1413 Nec
394 1376 505 1413 tenerum
520 1362 580 1413 duro
596 1378 651 1412 cum
667 1362 731 1428 pede
744 1360 818 1431 junge
836 1365 935 1430 pedem.

217 1462 220 1467 ·
243 1452 276 1502 45
289 1436 369 1486 Multa
382 1436 452 1485 miser
468 1436 563 1494 timeo,
581 1435 635 1500 quia
651 1435 700 1483 feci
716 1436 790 1485 multa
806 1437 942 1504 proterve:

325 1510 483 1576 Exemplique
501 1520 567 1558 metu
583 1519 701 1573 torqueor
716 1506 765 1573 ipse
783 1509 839 1557 mei.

258 1629 263 1637 .
287 1584 357 1649 Saepc
371 1582 430 1632 mihi
445 1582 594 1647 dominaeque
609 1596 669 1630 meae
683 1591 812 1645 properata
827 1584 960 1649 voluptas,

324 1653 399 1707 Velle
417 1653 562 1720 subinjestd,
581 1652 652 1702 dulce
668 1653 764 1720 peregit
780 1670 852 1719 opus.

288 1728 345 1779 Hoc
360 1739 389 1777 tu
402 1744 453 1779 non
468 1727 543 1777 facies
559 1742 567 1778 a
586 1726 627 1776 sed
641 1742 672 1775 ne
689 1725 769 1777 secisse
786 1727 898 1792 puteris,

247 1816 280 1865 50
326 1801 430 1851 Conscia
446 1802 476 1850 de
491 1800 583 1868 gremio
601 1799 672 1866 pallia
690 1799 759 1850 deme
775 1811 829 1851 tuo.

287 1873 334 1930 Vir
345 1874 411 1923 bibat
420 1889 495 1940 usque
506 1890 565 1940 roga
577 1890 585 1922 t
597 1873 709 1939 precibus
726 1884 808 1923 tamen
818 1874 898 1923 oscula
909 1873 976 1926 desim

324 1946 439 2013 Dumque
449 1947 527 2003 bibit,
542 1946 642 2001 furtim,
660 1946 680 1995 si
696 1960 787 2012 potes,
805 1947 866 1996 adde
877 1964 976 1999 merum.

283 2019 315 2071 ,Si
331 2020 393 2069 bene
410 2020 557 2085 compositus
574 2019 657 2069 somno
673 2019 778 2087 vinoque
793 2018 901 2085 jacebit,

328 2092 463 2143 Consilium
479 2092 548 2143 nobis
562 2108 651 2158 resque
666 2094 783 2159 locusque
798 2091 907 2151 dabunt,

247 2181 261 2232 5
268 2181 279 2230 5
291 2164 357 2219 clm
370 2166 451 2233 surges
466 2165 559 2215 abitura
573 2164 691 2224 domum,
708 2166 828 2232 surgemus
846 2167 872 2217 &
887 2181 976 2224 omnes·

328 2240 356 2290 lu
372 2239 475 2291 medium
491 2240 568 2297 turbae
586 2239 624 2288 sac
639 2254 732 2289 memor
745 2254 830 2304 agmen
846 2254 897 2288 eas.

290 2313 395 2381 Agmine
409 2329 448 2361 me
462 2312 589 2369 invenies,
609 2324 651 2360 aut
666 2310 813 2365 invenieris,
831 2310 856 2358 in
872 2311 927 2364 illo.

328 2384 450 2449 Quicquid
464 2383 497 2432 ibi
511 2381 604 2449 poteris
620 2393 738 2448 tangere,
757 2393 829 2447 tange
846 2383 905 2433 mei.

290 2458 336 2508 Me
347 2455 456 2507 miserum
468 2453 475 2503 !
488 2471 575 2519 paucas
585 2454 668 2502 monui
678 2452 743 2519 quod
754 2453 831 2517 prosit
840 2453 866 2505 in
876 2456 948 2510 horas
959 2473 968 2511 r

247 2530 282 2582 60
328 2529 432 2594 Separor
448 2544 462 2576 a
479 2525 593 2584 domina,
609 2524 680 2576 nocie
695 2524 812 2590 jubente,
827 2528 891 2579 med.

291 2604 315 2654 N
318 2602 370 2654 odie
380 2601 417 2650 vir
427 2598 535 2649 includet
547 2615 554 2649 :
569 2598 680 2665 lacrymis
691 2614 738 2666 ego
749 2600 842 2651 mellus
853 2603 961 2661 obortis,

329 2675 385 2740 Qud
401 2674 477 2728 licet,
499 2672 529 2721 ad
546 2671 620 2722 saevas
637 2672 767 2739 prosequar
782 2690 859 2739 usque
876 2676 953 2726 sores.

292 2750 384 2802 Oscula
394 2745 441 2813 jam
452 2746 544 2796 sumet:
557 2743 605 2811 jam
615 2762 664 2796 non
674 2757 766 2796 tautum
777 2746 856 2797 oscula
867 2745 954 2800 sumet.

330 2822 406 2886 Quod
421 2821 479 2872 mihi
496 2820 538 2870 das
554 2818 654 2878 furtim,
674 2819 728 2886 jure
745 2820 826 2869 coasla
843 2817 919 2882 dabis.

248 2892 264 2945 6
269 2909 281 2959 5
292 2895 385 2950 Vetdm
395 2896 469 2945 invita
480 2895 537 2944 dato
550 2890 641 2964 (potes
652 2894 720 2961 boc)
731 2892 858 2958 similisque
870 2893 977 2946 coadaec

329 2968 454 3017 Blanditiae
470 2979 587 3025 taceant,
605 2968 684 3033 sitque
701 2968 802 3033 maligna
817 2965 913 3018 Venus.

293 3040 322 3092 S't
329 3056 382 3090 mea
391 3052 449 3090 vota
459 3042 558 3098 valent,
570 3052 630 3104 opto
641 3055 737 3105 quoque
747 3073 754 3097 ,
767 3039 800 3089 uil
809 3036 878 3105 juvet
888 3041 953 3091 illum
963 3056 971 3094 3

328 3110 373 3163 Sin
387 3111 481 3175 minus,
501 3110 610 3190 atcerte
624 3123 649 3164 te
664 3109 736 3185 juvet
750 3111 805 3167 iude
820 3111 890 3168 nihil.
917 3166 924 3178 ,
