2392 3892
300 442 581 513 Haaorv'as.
609 449 678 514 ΕΡ.
697 449 804 518 XVI.
857 401 906 545 7¹1

216 564 289 633 cqtu'd
299 581 348 632 ago
356 562 487 630 precibus?
497 564 615 630 peilusue
625 564 716 631 agresle
725 580 837 618 movetur
847 566 858 619 i

229 638 270 689 An
278 636 361 705 riget?
374 638 399 688 dt
412 636 519 706 Zephyri
529 639 605 687 verba
616 638 708 688 caduca
718 638 819 689 serunt?

194 709 245 776 Qui
253 728 308 761 mea
318 713 393 761 verba
400 711 482 761 serunt
493 712 600 769 ,vellem
611 722 652 760 tua
665 712 721 761 vela
730 712 858 766 referrent.

230 783 288 834 Hoc
301 797 345 843 te,
359 786 379 835 si
393 785 507 850 saperes,
524 784 608 843 lente,
620 783 724 834 decebat
736 800 808 850 opus.
916 802 969 841 210

194 857 252 908 Sive
263 858 328 906 redis
340 890 347 915 ,
359 857 483 923 puppique
491 868 540 905 tuae
550 857 635 905 votiva
644 869 758 922 parantur

219 929 340 979 ¹Munera
350 945 359 985 3
371 928 429 993 quid
437 930 530 978 laceras
538 928 639 995 peflora
651 928 729 984 nostra
737 926 824 979 mori?

193 1002 270 1053 Solve
284 1014 381 1051 ratemr
393 1001 479 1053 Venus
493 1012 546 1051 orta
562 1002 621 1052 mari
632 1017 698 1052 mare
708 1001 803 1069 prestat
816 1002 921 1055 amautit

229 1074 302 1125 Aura
311 1072 377 1121 dabit
386 1073 477 1123 cursum
489 1088 496 1124 ε
508 1086 534 1125 tu
545 1073 619 1127 modi
635 1075 703 1125 solve
717 1088 805 1131 ratem.

191 1139 250 1215 ipse
262 1138 405 1213 gubernabit
420 1147 528 1199 residens
537 1148 562 1199 in
572 1165 654 1217 puppe
667 1149 782 1216 Cupido:
920 1163 971 1214 215

229 1219 285 1285 lpse
297 1219 362 1268 dabit
372 1216 457 1270 teneri
466 1222 538 1279 vela,
554 1224 686 1289 legetque,
697 1241 780 1277 manu.

192 1293 250 1344 Sive
258 1291 328 1358 juvat
338 1292 411 1359 longe
421 1293 505 1360 fugisse
515 1293 640 1361 Pelasgida
650 1296 747 1361 Sappho
757 1313 766 1353 ς

232 1366 291 1415 Non
302 1376 385 1415 tamen
397 1366 523 1422 invenies,
536 1382 580 1416 cur
590 1383 638 1433 ego
647 1367 717 1435 digna
726 1366 800 1435 sugi3

193 1437 249 1491 Hoc
264 1439 352 1489 saltem
366 1437 456 1488 miserae
467 1432 570 1489 crudelis
581 1439 681 1506 epistola
699 1440 781 1493 dicat:
825 1463 828 1472 ·

227 1511 264 1563 Ut
273 1510 333 1561 milri
348 1510 476 1563 Leucadiae
491 1512 540 1563 sata
551 1524 667 1581 petantur
675 1530 756 1581 aquae.
919 1529 972 1566 220

216 1618 868 1694 m======²fflst==2====ff

280 1739 628 1809 EPISTOLA
688 1741 800 1809 XVI.

233 1861 239 1873 '
314 1870 478 1931 Perre
518 1870 754 1931 Hereum.

196 1959 265 2076 H
274 2031 335 2075 auc
353 2022 397 2074 tibi
410 2023 540 2078 Priamides
549 2025 637 2085 mitto,
648 2024 735 2077 ledaea
746 2026 881 2086 ,salutem

229 2095 291 2160 Quae
302 2097 392 2156 tribui,
402 2098 452 2148 soli
461 2111 487 2150 te
495 2099 553 2150 mihi
560 2100 633 2150 dante
642 2132 650 2158 ,
659 2098 748 2163 potest.

194 2168 318 2235 Eloquar?
328 2186 360 2219 au
368 2170 468 2220 slammae
479 2187 529 2221 non
543 2170 577 2219 esi
587 2187 649 2237 opus
659 2171 738 2219 indice
749 2181 814 2219 notae
823 2184 833 2227 ς

226 2242 257 2293 Et
265 2244 319 2309 plus
329 2276 337 2301 ‚
349 2246 420 2310 quim
428 2244 532 2299 eedem,
543 2239 592 2308 jam
605 2258 673 2291 meus
682 2241 757 2291 exstat
769 2238 859 2290 amor?

193 2314 236 2365 llle
248 2317 346 2383 quidem
356 2317 435 2366 malim
445 2316 536 2373 lateat,
546 2316 603 2365 dum
613 2326 724 2381 tempora
734 2314 822 2364 dentur
913 2327 928 2378 5

228 2388 330 2441 Laetiriae
341 2390 430 2440 mixtos
443 2406 492 2439 non
502 2389 613 2439 habitura
624 2400 712 2439 metus.

193 2460 240 2512 Sed
248 2455 312 2513 male
322 2462 457 2531 dissimulo:
476 2464 528 2531 quis
538 2462 603 2513 enim
614 2460 731 2512 celaverit
741 2460 840 2530 ignem,

226 2535 328 2587 Lumine
339 2537 379 2602 qui
391 2537 482 2604 semper
491 2537 602 2604 proditur
611 2536 660 2603 ipse
671 2533 732 2586 suo?

192 2606 218 2657 si
227 2601 309 2659 rameii
320 2609 443 2675 exspectas
451 2644 462 2682 t
468 2627 555 2661 vocem
564 2626 660 2677 quoque
671 2612 742 2659 rebus
750 2606 891 2665 meddam,

225 2681 293 2734 Uror
304 2698 313 2735 t
323 2683 399 2733 habet
408 2684 479 2732 animi
490 2684 577 2733 nuncia
588 2685 663 2732 verba
671 2683 728 2731 mei.
913 2691 945 2728 10

193 2748 266 2805 Parce
274 2789 282 2816 ,
291 2770 399 2823 precor,
408 2754 466 2805 sallo
476 2771 483 2806 t
493 2772 540 2805 uec
549 2756 620 2804 vultu
630 2766 713 2803 cetera
722 2752 785 2802 duro

227 2827 349 2898 Perlege,
361 2826 401 2875 sed
410 2826 495 2875 sormae
507 2828 669 2875 conveniente
676 2837 736 2873 ruae.

191 2896 332 2953 iamdudum
341 2914 435 2971 gratum
444 2898 492 2956 est,
504 2898 570 2965 quod
579 2896 678 2964 epistola
687 2895 764 2945 noslra
772 2907 872 2965 recepta

139 3019 142 3024 .
226 2974 299 3040 Spem
308 2975 384 3032 satit,
396 2974 444 3023 hoc
455 2972 531 3039 recipi
542 2987 581 3020 me
592 2986 689 3037 quoque
696 2968 761 3036 posse
771 2971 854 3025 modo.

139 3041 145 3058 '
194 3044 254 3111 Quae
264 3047 390 3106 ratarum,
402 3058 482 3096 necte
492 3044 574 3096 frustra
583 3042 736 3111 promiserit,
747 3054 825 3109 opto,
908 3058 940 3109 15

193 3182 197 3188 Ι
228 3120 286 3170 Hoc
303 3121 360 3171 mihi
377 3137 429 3188 quae
441 3120 513 3171 suasit
530 3130 608 3172 mater
616 3116 712 3169 Amoris
728 3116 784 3174 iter.
