2392 3892
283 404 569 525 Harornr's.
595 453 677 521 Er.
703 452 851 583 ΧῐΙΙΙΙ.κ
868 475 916 546 91

215 572 302 631 Parce,
312 589 417 639 precor;
427 572 570 638 facilemque
580 587 652 640 moue
662 572 808 625 moderatius
818 592 912 628 euram:
930 593 947 637 4
951 590 964 637 5

249 647 356 712 Imperet
371 645 523 713 Hippotades
537 646 573 695 sic
588 646 632 694 tibi
647 645 712 695 trille
727 647 795 697 nihil.

214 720 284 775 Vana
298 731 377 785 peto,
398 720 559 785 precibusque
574 718 634 770 meis
651 719 816 771 obmurmurat
829 721 897 787 ipse:

251 793 369 859 Quasque
385 793 481 860 quatit,
499 791 563 841 nulla
580 805 648 858 parte
665 794 787 853 coe'rcet,
805 811 886 861 aquas.

214 865 286 926 Nunc
302 866 372 915 daret
383 866 486 915 audaces
495 866 585 916 utinam
595 866 651 916 mihi
660 867 776 917 Daedalus
787 870 836 917 alas
851 868 858 917 l

251 936 381 1001 (Icarium
397 939 503 1003 quamvis
518 938 558 988 hic
570 955 646 1005 prope
663 940 720 991 litus
736 939 802 990 adest
818 942 850 1006 :)
932 956 965 1003 50

214 1010 344 1076 Quicquid
356 1010 420 1070 erit,
438 1011 531 1076 patiar:
544 1012 615 1062 liceat
625 1012 698 1064 modd
709 1029 798 1081 corpus
809 1014 834 1063 in
844 1028 914 1063 auras

252 1083 375 1141 Tollere,
391 1085 454 1150 quod
469 1085 538 1136 dubia
552 1086 615 1153 saepe
630 1088 746 1153 pependit
761 1087 832 1153 aqud.

214 1157 332 1213 Interea,
350 1156 403 1206 dum
420 1158 503 1209 annua
520 1172 629 1228 negant,
643 1161 759 1227 ventique
776 1162 913 1225 fretumque
926 1192 933 1216 ι

249 1228 338 1284 Mente
355 1230 420 1297 agito
436 1232 495 1282 furti
510 1245 622 1299 tempora
638 1233 713 1297 prima
729 1235 785 1284 mei.

215 1303 270 1353 Nox
279 1314 333 1352 erat
343 1302 478 1368 incipiens,
490 1320 593 1367 namque
604 1304 638 1352 ett
646 1305 773 1355 meminisse
780 1307 892 1372 voluptas
902 1338 910 1365 ‚
935 1318 946 1366 5
954 1318 967 1366 5

250 1376 315 1426 Cum
329 1376 423 1424 loribus
439 1374 522 1440 patriis
538 1375 679 1441 egrediebar
693 1392 782 1426 amans.

215 1450 267 1502 Nec
286 1464 356 1498 mora
373 1464 381 1499 z
397 1447 510 1513 deposito
526 1447 617 1513 pariter
633 1464 688 1497 curn
702 1448 767 1498 verte
782 1450 889 1507 timore,

249 1522 375 1574 Jaiiabam
391 1520 592 1588 liquido.brachia
611 1522 678 1570 lente
692 1521 760 1572 mari.

215 1596 281 1646 Luna
299 1593 352 1645 ferd
365 1597 493 1646 tremulum
510 1595 634 1661 praebebat
650 1595 732 1644 lumen
748 1594 835 1654 eunti,

252 1669 289 1718 Ut
306 1684 388 1717 comes
405 1668 430 1717 in
445 1666 535 1718 nollras
553 1666 659 1717 officiosa
675 1668 736 1718 vias.
937 1668 971 1717 60

216 1742 287 1796 Hanc
304 1758 351 1808 ego
367 1740 493 1807 suspiciens
505 1773 513 1798 ,
526 1741 639 1799 Faveas,
656 1741 713 1792 Dea
728 1742 849 1800 candida,
865 1741 934 1800 dixi,

253 1815 285 1864 Et
303 1814 403 1865 subeant
419 1815 498 1863 animo
514 1814 604 1864 Latmia
621 1815 675 1865 saxa
689 1826 742 1864 tuo.

217 1888 273 1937 Non
294 1889 356 1938 sinat
371 1888 508 1955 Endymion
526 1901 551 1939 te
569 1888 676 1954 pedoris
692 1887 739 1938 elle
756 1888 851 1939 severi:

252 1960 353 2019 Ueste,
371 1978 478 2027 precor,
497 1963 578 2012 vultus
592 1962 622 2011 ad
637 1979 691 2012 mea
707 1962 770 2013 surra
786 1975 853 2013 tuos.
975 1999 978 2006 ,

219 2031 276 2092 Tu,
294 2034 367 2091 Dea,
383 2036 509 2085 mortalem
526 2037 590 2086 coelo
608 2035 704 2102 delapsa
718 2038 840 2101 petebas:
933 2032 966 2094 65

253 2107 321 2161 Vera
338 2108 406 2172 loqui
422 2108 514 2165 liceat3
531 2126 602 2173 quam
619 2108 726 2172 sequor,
744 2108 794 2172 ipsa
809 2107 867 2157 Dea
883 2103 926 2155 est.
1016 2107 1020 2112 '

219 2180 274 2230 Neu
291 2180 396 2229 referam
412 2195 493 2230 mores
509 2180 600 2229 coelesti
612 2179 712 2244 peslore
729 2179 835 2245 dignos,

254 2254 341 2303 Forma
357 2250 402 2300 nisi
417 2250 442 2300 in
456 2268 526 2301 veras
541 2267 590 2301 non
606 2251 671 2301 cadit
686 2252 727 2300 illa
739 2251 818 2300 Deas.

219 2324 240 2375 A
254 2325 362 2376 Veneris
376 2324 439 2374 facie
453 2341 503 2375 non
518 2323 551 2375 eli
570 2324 637 2389 prior
652 2325 700 2374 ulla
716 2322 827 2391 tuaique:
929 2341 932 2349 ’

254 2399 325 2447 Neve
343 2398 402 2447 meis
419 2398 503 2448 credas
517 2399 637 2456 vocibuS,
655 2396 706 2464 ipsa
721 2397 799 2450 vides·
938 2409 973 2461 7⁰

220 2468 320 2535 Quanti>
332 2504 338 2528 ,
357 2469 410 2521 ctim
424 2472 503 2539 fulges
517 2472 589 2537 radiis
603 2484 717 2541 argentea
732 2472 818 2539 piris,

257 2542 404 2594 Concedunt
415 2546 514 2596 flammis
527 2546 608 2596 sidera
624 2546 708 2597 cunila
723 2547 772 2597 tuis
784 2563 794 2606 ς

221 2614 303 2667 Tanti>
317 2618 430 2672 formosis
445 2618 575 2670 formosior
591 2619 701 2670 omnibus
718 2619 758 2670 illa
773 2618 827 2668 elit

242 2690 281 2744 .Si
297 2691 410 2747 dubitas,
428 2707 537 2749 cresum,
553 2690 680 2758 Cynthia,
694 2694 778 2741 lumen
791 2689 877 2738 babes.

220 2761 280 2813 llaec
295 2778 364 2829 ego,
379 2765 420 2809 vel
434 2762 502 2814 certe
518 2780 567 2813 non
582 2764 620 2813 his
635 2763 748 2819 diuersa,
762 2763 861 2810 locutus
937 2774 971 2825 75

256 2835 303 2886 Per
318 2834 376 2884 mihi
393 2834 509 2885 cedentes
525 2834 595 2884 noste
609 2835 706 2885 ferebar
720 2850 804 2899 aquas.

212 2910 292 2974 'Unda
309 2905 453 2975 repercussae
469 2908 575 2957 radiabat
591 2907 694 2975 imagine
708 2905 802 2966 Lunae,

259 2982 289 3030 Et
306 2982 371 3032 nitor
387 2982 412 3031 in
429 2981 502 3031 tacita
518 2980 588 3030 nosle
607 2980 705 3031 diurnus
721 2992 793 3033 erat:

223 3054 344 3118 Nullaque
360 3071 410 3104 vox
424 3054 533 3114 nollras,
554 3055 644 3104 nullum
659 3052 790 3111 veniebat,
809 3054 839 3105 ad
855 3072 946 3110 eures,

200 3157 204 3164 ·
260 3126 352 3177 Praeter
368 3127 465 3181 dimota
479 3144 605 3197 corpore,
621 3143 745 3188 murmur,
762 3145 840 3196 aquae.
876 3167 879 3174 .
939 3123 975 3171 80
