2392 3892
313 462 386 534 ¹90
435 439 923 532 OVJDJJAMonum

341 573 989 647 «ΣΞ-τηῗβ-ε-έ-ῦ

471 716 725 780 ELEGIA
779 717 856 790 XI.

310 810 483 929 Mum
501 873 589 942 diuque
605 875 651 926 tuli
668 891 676 928 t
692 874 757 925 vitiis
769 871 884 939 patientia
900 872 964 925 uitia
981 876 1023 927 est.

347 948 415 998 Cede
431 948 532 1017 fatigato
547 948 665 1015 petiere,
680 949 757 1013 turpis
772 946 857 997 Amor.

310 1021 409 1072 Scilicet
423 1020 505 1070 asserui
519 1020 567 1087 jam
582 1038 640 1080 me,
660 1022 758 1087 fugique
776 1032 893 1070 catenas:

278 1098 281 1101 ’
346 1093 377 1144 Et
394 1111 445 1159 quae
460 1093 576 1158 depuduit
591 1095 676 1151 ferre,
696 1092 772 1141 tuiiffe
788 1094 874 1157 pudet.

286 1166 436 1233 5Vicimus;
453 1165 479 1214 ὅ(
494 1165 609 1214 domitum
625 1165 726 1231 pedibus
741 1166 859 1215 calcamus
875 1165 1003 1219 Amorem.

344 1238 475 1289 Venerunt
490 1236 563 1303 capiti
579 1254 670 1287 cornua
687 1236 738 1287 sera
752 1252 818 1285 meo.

310 1309 395 1363 Petiet
412 1309 437 1360 &
454 1310 546 1359 obdura
563 1325 571 1362 ε
589 1311 660 1360 dolor
672 1310 712 1359 hic
727 1309 771 1359 tibi
786 1308 895 1374 proderit
913 1312 981 1361 olim.

302 1395 309 1403 ’
348 1383 422 1450 Saepe
434 1384 490 1433 tulit
505 1384 573 1434 lassis
591 1383 675 1433 succus
691 1399 783 1433 amatus
800 1397 882 1449 opem.

309 1458 377 1524 Ergo
393 1472 440 1523 ego
455 1455 567 1515 sustinui,
584 1456 677 1506 foribus
692 1468 740 1505 tam
755 1455 816 1519 saepe
831 1456 960 1520 repulsus,

270 1548 302 1585 to
347 1530 481 1597 ingenuum
500 1529 557 1580 duri
576 1545 668 1594 ponere
685 1544 772 1595 corpus
791 1528 875 1578 humo.

312 1602 377 1669 Ergo
393 1618 441 1668 ego
455 1602 537 1651 nescio
552 1602 610 1659 cui,
629 1617 699 1667 quem
715 1614 743 1652 tu
758 1602 884 1666 complexa
899 1602 1019 1660 tenebas,

347 1673 457 1723 Excubui
471 1674 593 1730 clausam,
610 1675 692 1725 servus
708 1685 754 1732 ut,
770 1685 827 1723 ante
842 1673 949 1722 domum.

309 1746 388 1805 Vidi,
407 1743 461 1797 etim
477 1747 570 1797 foribus
587 1747 657 1797 latius
673 1746 782 1813 prodiret
798 1757 911 1804 amator,

346 1820 479 1869 Invalidum
495 1819 604 1869 referens
620 1820 793 1884 emeritumque
811 1818 884 1867 latus.

269 1910 299 1959 ¹5
310 1892 368 1941 Hoc
377 1902 458 1941 tamen
470 1890 503 1940 est
513 1892 591 1940 levius
602 1924 610 1948 ‚
626 1893 695 1956 quim
707 1890 772 1956 qnod
782 1889 832 1938 sum
842 1891 906 1941 visus
917 1892 946 1939 ab
957 1890 998 1941 1110
1009 1905 1017 1940 t

346 1964 448 2013 Eveniat
462 1962 545 2013 nostris
561 1962 665 2012 hostibus
682 1963 722 2011 ilie
739 1962 827 2029 pudor.
866 1976 869 1983 ·

311 2036 417 2102 Quando
434 2052 481 2105 ego
496 2052 545 2085 non
561 2034 622 2085 fixus
638 2036 710 2085 lateri
726 2034 849 2102 spatiantis
865 2032 980 2085 adhesi?

348 2110 401 2175 lpse
415 2121 471 2159 tuus
486 2108 583 2167 custos,
599 2108 649 2176 ipse
664 2109 701 2158 vir
715 2141 722 2166 ‚
735 2108 783 2174 ipse
799 2125 891 2158 comes.

310 2183 411 2234 Scilicet
426 2183 452 2234 &
467 2183 559 2250 popnio
574 2198 618 2247 per
632 2198 671 2231 me
688 2194 783 2232 cantata
799 2182 929 2248 placebas:

267 2275 301 2310 20
347 2255 424 2305 Causa
441 2256 486 2305 fuit
502 2256 582 2305 multis
600 2254 679 2304 noster
694 2255 782 2304 amoris
798 2270 873 2303 amor.

311 2329 402 2393 Turpia
418 2327 475 2394 quid
489 2328 591 2377 referam
606 2344 674 2375 vanae
690 2326 812 2376 mendacia
828 2324 943 2391 linguae?

348 2402 380 2450 Et
393 2399 529 2466 perjuratos
546 2400 571 2448 in
587 2416 640 2447 mea
655 2399 737 2450 damna
754 2395 846 2446 Deos?

311 2471 377 2537 Quid
393 2471 507 2537 juvenum
520 2472 609 2520 tacitos
626 2471 689 2519 inter
706 2470 816 2519 convivia
829 2470 928 2519 nutus?

347 2545 477 2609 Verbaque
494 2542 634 2609 compositis
650 2542 795 2592 dissimulata
810 2540 899 2591 notis?

267 2636 299 2686 25
311 2618 382 2671 Diua
392 2630 444 2667 etat
454 2633 517 2685 aegra
528 2616 605 2666 mihi:
617 2632 725 2683 praeceps
736 2630 865 2682 amensque
876 2614 982 2666 cucurri.

350 2692 436 2751 Veni;
455 2690 480 2741 δι
496 2691 564 2739 rivali
579 2706 628 2739 non
646 2701 697 2739 erat
714 2706 777 2758 aegra
793 2704 859 2738 meo.

310 2766 375 2824 His,
393 2766 420 2817 ὃ(
434 2781 486 2832 quae
500 2776 591 2823 taceo,
611 2763 695 2813 duravi
709 2763 771 2829 saepe
785 2761 898 2811 ferendis.

348 2833 438 2901 ¹Quaere
453 2838 543 2895 alium,
562 2854 608 2905 pro
623 2854 662 2887 me
678 2838 718 2903 qui
734 2848 807 2901 queat
820 2833 861 2883 ista
876 2831 936 2896 pati.

310 2911 362 2965 Jam
378 2927 451 2970 mea,
467 2912 551 2961 votivi
566 2912 651 2977 puppis
667 2910 777 2959 redimita
793 2904 901 2960 cononi,

267 2999 302 3052 30
347 2984 424 3033 Lenta
436 2984 599 3035 tumescentes
614 2984 715 3050 aequoris
731 2980 796 3028 audit
811 2994 891 3041 aquas.

311 3057 406 3107 Desine
421 3055 565 3115 blanditias,
585 3056 610 3106 δι
627 3056 699 3102 verba
715 3048 824 3116 potentia
841 3050 979 3115 quondam,

351 3127 481 3180 Perdere:
498 3145 546 3179 non
563 3124 611 3195 ego'
628 3125 675 3175 sum
692 3124 793 3185 stultus,
811 3136 838 3175 ut
854 3136 909 3174 ante
926 3123 969 3171 fui.
