<?xml version="1.0" encoding="UTF-8"?>
<!DOCTYPE html PUBLIC "-//W3C//DTD XHTML 1.0 Transitional//EN"
    "http://www.w3.org/TR/xhtml1/DTD/xhtml1-transitional.dtd">
<html xmlns="http://www.w3.org/1999/xhtml" xml:lang="en" lang="en">
 <head>
  <title>
</title>
<meta http-equiv="Content-Type" content="text/html;charset=utf-8" />
  <meta name='ocr-system' content='tesseract 3.04.00' />
  <meta name='ocr-capabilities' content='ocr_page ocr_carea ocr_par ocr_line ocrx_word'/>
</head>
<body>
  <div class='ocr_page' id='page_1' title='image "./povidiinasoniso00heingoog_0089.png"; bbox 0 0 2392 3892; ppageno 0'>
   <div class='ocr_carea' id='block_1_1' title="bbox 444 429 1049 522">
    <p class='ocr_par' dir='ltr' id='par_1_1' title="bbox 444 429 1049 522">
     <span class='ocr_line' id='line_1_1' title="bbox 444 429 1049 522; baseline -0.002 -22"><span class='ocrx_word' id='word_1_1' title='bbox 444 449 495 522; x_wconf 91' lang='lat'>70</span> <span class='ocrx_word' id='word_1_2' title='bbox 545 430 585 497; x_wconf 88' lang='lat' dir='ltr'>P.</span> <span class='ocrx_word' id='word_1_3' title='bbox 614 429 799 499; x_wconf 76' lang='lat' dir='ltr'><em>0V11&gt;11</em></span> <span class='ocrx_word' id='word_1_4' title='bbox 825 433 1049 499; x_wconf 65' lang='lat' dir='ltr'>Nasonis</span> 
     </span>
    </p>
   </div>
   <div class='ocr_carea' id='block_1_2' title="bbox 343 551 1064 3032">
    <p class='ocr_par' dir='ltr' id='par_1_2' title="bbox 343 551 1064 3032">
     <span class='ocr_line' id='line_1_2' title="bbox 441 551 1064 618; baseline 0.002 -18"><span class='ocrx_word' id='word_1_5' title='bbox 441 551 512 600; x_wconf 89' lang='lat' dir='ltr'>Hanc</span> <span class='ocrx_word' id='word_1_6' title='bbox 527 553 606 617; x_wconf 84' lang='lat' dir='ltr'>legem</span> <span class='ocrx_word' id='word_1_7' title='bbox 616 553 685 600; x_wconf 89' lang='lat' dir='ltr'>locus</span> <span class='ocrx_word' id='word_1_8' title='bbox 698 553 738 601; x_wconf 89' lang='lat' dir='ltr'>ille</span> <span class='ocrx_word' id='word_1_9' title='bbox 749 563 817 600; x_wconf 90' lang='lat' dir='ltr'>tenet</span> <span class='ocrx_word' id='word_1_10' title='bbox 827 567 835 602; x_wconf 75' lang='grc' dir='ltr'><strong><em>ε</em></strong></span> <span class='ocrx_word' id='word_1_11' title='bbox 845 563 902 617; x_wconf 90' lang='lat' dir='ltr'>pete</span> <span class='ocrx_word' id='word_1_12' title='bbox 911 552 1020 618; x_wconf 89' lang='lat' dir='ltr'>protinus</span> <span class='ocrx_word' id='word_1_13' title='bbox 1026 553 1064 601; x_wconf 76' lang='lat' dir='ltr'>alu</span> 
     </span>
     <span class='ocr_line' id='line_1_3' title="bbox 478 623 1005 675; baseline 0.002 -3"><span class='ocrx_word' id='word_1_14' title='bbox 478 624 609 675; x_wconf 86' lang='lat' dir='ltr'>Leucada:</span> <span class='ocrx_word' id='word_1_15' title='bbox 620 640 666 675; x_wconf 91' lang='lat' dir='ltr'>nec</span> <span class='ocrx_word' id='word_1_16' title='bbox 676 624 731 675; x_wconf 78' lang='lat' dir='ltr'>saxo</span> <span class='ocrx_word' id='word_1_17' title='bbox 738 623 853 673; x_wconf 82' lang='lat' dir='ltr'>desiluiffe</span> <span class='ocrx_word' id='word_1_18' title='bbox 862 625 930 673; x_wconf 82' lang='lat' dir='ltr'>time.</span> <span class='ocrx_word' id='word_1_19' title='bbox 1003 635 1005 638; x_wconf 80' lang='grc'>’</span> 
     </span>
     <span class='ocr_line' id='line_1_4' title="bbox 343 696 1064 764; baseline 0.001 -17"><span class='ocrx_word' id='word_1_20' title='bbox 343 699 351 713; x_wconf 87' lang='grc'><em>“</em></span> <span class='ocrx_word' id='word_1_21' title='bbox 441 697 478 747; x_wconf 89' lang='lat' dir='ltr'>Ut</span> <span class='ocrx_word' id='word_1_22' title='bbox 489 698 599 756; x_wconf 81' lang='lat' dir='ltr'>monuit,</span> <span class='ocrx_word' id='word_1_23' title='bbox 610 714 664 747; x_wconf 89' lang='lat' dir='ltr'>cum</span> <span class='ocrx_word' id='word_1_24' title='bbox 671 714 734 747; x_wconf 87' lang='lat' dir='ltr'>voce</span> <span class='ocrx_word' id='word_1_25' title='bbox 743 697 800 747; x_wconf 87' lang='lat' dir='ltr'>abiit</span> <span class='ocrx_word' id='word_1_26' title='bbox 810 712 818 748; x_wconf 78' lang='lat' dir='ltr'>t</span> <span class='ocrx_word' id='word_1_27' title='bbox 827 713 874 764; x_wconf 79' lang='lat' dir='ltr'>ego</span> <span class='ocrx_word' id='word_1_28' title='bbox 884 696 969 764; x_wconf 82' lang='lat' dir='ltr'>frigida</span> <span class='ocrx_word' id='word_1_29' title='bbox 978 697 1048 764; x_wconf 84' lang='lat' dir='ltr'>surgo</span> <span class='ocrx_word' id='word_1_30' title='bbox 1057 715 1064 757; x_wconf 70' lang='lat'>3</span> 
     </span>
     <span class='ocr_line' id='line_1_5' title="bbox 478 770 1020 838; baseline -0.002 -19"><span class='ocrx_word' id='word_1_31' title='bbox 478 770 533 819; x_wconf 89' lang='lat' dir='ltr'>Nec</span> <span class='ocrx_word' id='word_1_32' title='bbox 545 772 650 838; x_wconf 77' lang='lat' dir='ltr'>gravide</span> <span class='ocrx_word' id='word_1_33' title='bbox 661 770 778 838; x_wconf 78' lang='lat' dir='ltr'><strong>lacrymas</strong></span> <span class='ocrx_word' id='word_1_34' title='bbox 789 772 932 820; x_wconf 82' lang='lat' dir='ltr'>continuere</span> <span class='ocrx_word' id='word_1_35' title='bbox 942 786 1020 836; x_wconf 85' lang='lat' dir='ltr'>genae.</span> 
     </span>
     <span class='ocr_line' id='line_1_6' title="bbox 384 842 1064 911; baseline 0 -18"><span class='ocrx_word' id='word_1_36' title='bbox 384 856 433 906; x_wconf 86' lang='lat'>175</span> <span class='ocrx_word' id='word_1_37' title='bbox 447 843 537 893; x_wconf 81' lang='lat' dir='ltr'>Ibimus</span> <span class='ocrx_word' id='word_1_38' title='bbox 547 876 555 903; x_wconf 88' lang='lat'>‚</span> <span class='ocrx_word' id='word_1_39' title='bbox 566 842 582 894; x_wconf 84' lang='grc' dir='ltr'><strong><em>ὃ</em></strong></span> <span class='ocrx_word' id='word_1_40' title='bbox 593 844 726 911; x_wconf 67' lang='lat' dir='ltr'>Nympha,</span> <span class='ocrx_word' id='word_1_41' title='bbox 737 843 912 910; x_wconf 80' lang='lat' dir='ltr'>monstrataque</span> <span class='ocrx_word' id='word_1_42' title='bbox 920 843 973 892; x_wconf 85' lang='lat' dir='ltr'>saxa</span> <span class='ocrx_word' id='word_1_43' title='bbox 987 855 1064 908; x_wconf 79' lang='lat' dir='ltr'>peter</span> 
     </span>
     <span class='ocr_line' id='line_1_7' title="bbox 478 915 963 982; baseline 0.002 -16"><span class='ocrx_word' id='word_1_44' title='bbox 478 915 514 967; x_wconf 86' lang='lat' dir='ltr'>Sit</span> <span class='ocrx_word' id='word_1_45' title='bbox 522 918 608 982; x_wconf 87' lang='lat' dir='ltr'>procul</span> <span class='ocrx_word' id='word_1_46' title='bbox 618 917 699 967; x_wconf 86' lang='lat' dir='ltr'>insano</span> <span class='ocrx_word' id='word_1_47' title='bbox 707 916 783 967; x_wconf 71' lang='lat' dir='ltr'>vidus</span> <span class='ocrx_word' id='word_1_48' title='bbox 792 933 873 966; x_wconf 89' lang='lat' dir='ltr'>amore</span> <span class='ocrx_word' id='word_1_49' title='bbox 883 916 963 967; x_wconf 89' lang='lat' dir='ltr'>timor.</span> 
     </span>
     <span class='ocr_line' id='line_1_8' title="bbox 441 987 1062 1056; baseline 0 -17"><span class='ocrx_word' id='word_1_50' title='bbox 441 987 567 1055; x_wconf 86' lang='lat' dir='ltr'><strong>Quicquid</strong></span> <span class='ocrx_word' id='word_1_51' title='bbox 578 990 639 1047; x_wconf 87' lang='lat' dir='ltr'>erit,</span> <span class='ocrx_word' id='word_1_52' title='bbox 649 990 734 1039; x_wconf 87' lang='lat' dir='ltr'>melius</span> <span class='ocrx_word' id='word_1_53' title='bbox 745 993 814 1056; x_wconf 79' lang='lat' dir='ltr'>quim</span> <span class='ocrx_word' id='word_1_54' title='bbox 825 1006 888 1038; x_wconf 90' lang='lat' dir='ltr'>nunc</span> <span class='ocrx_word' id='word_1_55' title='bbox 899 990 963 1039; x_wconf 84' lang='lat' dir='ltr'>erit:</span> <span class='ocrx_word' id='word_1_56' title='bbox 973 1006 1030 1039; x_wconf 87' lang='lat' dir='ltr'>aura</span> <span class='ocrx_word' id='word_1_57' title='bbox 1039 988 1062 1039; x_wconf 88' lang='lat' dir='ltr'>su</span> 
     </span>
     <span class='ocr_line' id='line_1_9' title="bbox 478 1062 1064 1130; baseline -0.002 -18"><span class='ocrx_word' id='word_1_58' title='bbox 478 1063 509 1112; x_wconf 87' lang='lat' dir='ltr'>Et</span> <span class='ocrx_word' id='word_1_59' title='bbox 523 1079 575 1112; x_wconf 85' lang='lat' dir='ltr'>moa</span> <span class='ocrx_word' id='word_1_60' title='bbox 583 1079 632 1113; x_wconf 91' lang='lat' dir='ltr'>non</span> <span class='ocrx_word' id='word_1_61' title='bbox 641 1079 751 1130; x_wconf 83' lang='lat' dir='ltr'>magnum</span> <span class='ocrx_word' id='word_1_62' title='bbox 762 1079 865 1128; x_wconf 88' lang='lat' dir='ltr'>corpora</span> <span class='ocrx_word' id='word_1_63' title='bbox 874 1062 968 1128; x_wconf 88' lang='lat' dir='ltr'>pondus</span> <span class='ocrx_word' id='word_1_64' title='bbox 984 1062 1064 1117; x_wconf 88' lang='lat' dir='ltr'>haben</span> 
     </span>
     <span class='ocr_line' id='line_1_10' title="bbox 440 1134 1063 1201; baseline 0.002 -18"><span class='ocrx_word' id='word_1_65' title='bbox 440 1135 480 1184; x_wconf 91' lang='lat' dir='ltr'>Tu</span> <span class='ocrx_word' id='word_1_66' title='bbox 489 1151 600 1200; x_wconf 88' lang='lat' dir='ltr'>quoque,</span> <span class='ocrx_word' id='word_1_67' title='bbox 609 1136 690 1184; x_wconf 83' lang='lat' dir='ltr'>mollis</span> <span class='ocrx_word' id='word_1_68' title='bbox 701 1134 792 1193; x_wconf 75' lang='lat' dir='ltr'>Amor,</span> <span class='ocrx_word' id='word_1_69' title='bbox 802 1152 893 1200; x_wconf 85' lang='lat' dir='ltr'>pennas</span> <span class='ocrx_word' id='word_1_70' title='bbox 904 1135 1011 1201; x_wconf 87' lang='lat' dir='ltr'>suppone</span> <span class='ocrx_word' id='word_1_71' title='bbox 1019 1136 1063 1185; x_wconf 89' lang='lat' dir='ltr'>cad</span> 
     </span>
     <span class='ocr_line' id='line_1_11' title="bbox 379 1207 1001 1274; baseline 0.002 -15"><span class='ocrx_word' id='word_1_72' title='bbox 379 1209 430 1261; x_wconf 82' lang='lat'>180</span> <span class='ocrx_word' id='word_1_73' title='bbox 476 1208 515 1256; x_wconf 89' lang='lat' dir='ltr'>Ne</span> <span class='ocrx_word' id='word_1_74' title='bbox 526 1208 569 1257; x_wconf 90' lang='lat' dir='ltr'>sim</span> <span class='ocrx_word' id='word_1_75' title='bbox 578 1207 706 1258; x_wconf 65' lang='lat' dir='ltr'>Leucadia</span> <span class='ocrx_word' id='word_1_76' title='bbox 714 1220 809 1258; x_wconf 90' lang='lat' dir='ltr'>mortua</span> <span class='ocrx_word' id='word_1_77' title='bbox 823 1208 913 1257; x_wconf 85' lang='lat' dir='ltr'>crimen</span> <span class='ocrx_word' id='word_1_78' title='bbox 923 1225 1001 1274; x_wconf 83' lang='lat' dir='ltr'>aquae.</span> 
     </span>
     <span class='ocr_line' id='line_1_12' title="bbox 439 1279 1062 1349; baseline 0.005 -20"><span class='ocrx_word' id='word_1_79' title='bbox 439 1280 498 1330; x_wconf 86' lang='lat' dir='ltr'>lude</span> <span class='ocrx_word' id='word_1_80' title='bbox 508 1280 595 1349; x_wconf 89' lang='lat' dir='ltr'>chelyn</span> <span class='ocrx_word' id='word_1_81' title='bbox 605 1279 712 1342; x_wconf 76' lang='lat' dir='ltr'>Phoebo,</span> <span class='ocrx_word' id='word_1_82' title='bbox 724 1281 857 1332; x_wconf 87' lang='lat' dir='ltr'>communia</span> <span class='ocrx_word' id='word_1_83' title='bbox 869 1297 986 1342; x_wconf 84' lang='lat' dir='ltr'>munera,</span> <span class='ocrx_word' id='word_1_84' title='bbox 998 1298 1062 1349; x_wconf 89' lang='lat' dir='ltr'>pona</span> 
     </span>
     <span class='ocr_line' id='line_1_13' title="bbox 475 1354 958 1406; baseline 0.002 -3"><span class='ocrx_word' id='word_1_85' title='bbox 475 1354 507 1404; x_wconf 86' lang='lat' dir='ltr'>Et</span> <span class='ocrx_word' id='word_1_86' title='bbox 517 1355 557 1404; x_wconf 88' lang='lat' dir='ltr'>sub</span> <span class='ocrx_word' id='word_1_87' title='bbox 568 1371 597 1405; x_wconf 86' lang='lat' dir='ltr'>ea</span> <span class='ocrx_word' id='word_1_88' title='bbox 607 1356 689 1406; x_wconf 82' lang='lat' dir='ltr'>versus</span> <span class='ocrx_word' id='word_1_89' title='bbox 698 1373 758 1405; x_wconf 89' lang='lat' dir='ltr'>uuus</span> <span class='ocrx_word' id='word_1_90' title='bbox 770 1356 796 1405; x_wconf 89' lang='lat'>&amp;</span> <span class='ocrx_word' id='word_1_91' title='bbox 806 1358 868 1405; x_wconf 89' lang='lat' dir='ltr'>alter</span> <span class='ocrx_word' id='word_1_92' title='bbox 878 1366 958 1405; x_wconf 89' lang='lat' dir='ltr'>erunt.</span> 
     </span>
     <span class='ocr_line' id='line_1_14' title="bbox 440 1425 1064 1496; baseline -0.003 -17"><span class='ocrx_word' id='word_1_93' title='bbox 440 1425 517 1479; x_wconf 86' lang='lat' dir='ltr'>Grata</span> <span class='ocrx_word' id='word_1_94' title='bbox 526 1430 602 1496; x_wconf 84' lang='lat' dir='ltr'>lyram</span> <span class='ocrx_word' id='word_1_95' title='bbox 612 1428 680 1496; x_wconf 85' lang='lat' dir='ltr'>posui</span> <span class='ocrx_word' id='word_1_96' title='bbox 688 1429 748 1487; x_wconf 86' lang='lat' dir='ltr'>tibi,</span> <span class='ocrx_word' id='word_1_97' title='bbox 758 1427 849 1478; x_wconf 85' lang='lat' dir='ltr'>Phoebe</span> <span class='ocrx_word' id='word_1_98' title='bbox 858 1460 865 1485; x_wconf 87' lang='lat'>‚</span> <span class='ocrx_word' id='word_1_99' title='bbox 875 1429 969 1492; x_wconf 74' lang='lat' dir='ltr'>poetria</span> <span class='ocrx_word' id='word_1_100' title='bbox 977 1427 1064 1495; x_wconf 76' lang='lat' dir='ltr'>Sapphs</span> 
     </span>
     <span class='ocr_line' id='line_1_15' title="bbox 476 1500 983 1559; baseline 0 -9"><span class='ocrx_word' id='word_1_101' title='bbox 476 1501 598 1552; x_wconf 87' lang='lat' dir='ltr'>Convenit</span> <span class='ocrx_word' id='word_1_102' title='bbox 612 1503 653 1552; x_wconf 85' lang='lat' dir='ltr'>illa</span> <span class='ocrx_word' id='word_1_103' title='bbox 663 1503 722 1551; x_wconf 90' lang='lat' dir='ltr'>mihi</span> <span class='ocrx_word' id='word_1_104' title='bbox 732 1535 739 1559; x_wconf 88' lang='lat'><strong>‚</strong></span> <span class='ocrx_word' id='word_1_105' title='bbox 754 1501 869 1551; x_wconf 84' lang='lat' dir='ltr'>convenit</span> <span class='ocrx_word' id='word_1_106' title='bbox 878 1500 918 1549; x_wconf 89' lang='lat' dir='ltr'>illa</span> <span class='ocrx_word' id='word_1_107' title='bbox 926 1501 983 1550; x_wconf 88' lang='lat' dir='ltr'>tibi.-</span> 
     </span>
     <span class='ocr_line' id='line_1_16' title="bbox 379 1572 1064 1637; baseline 0.001 -13"><span class='ocrx_word' id='word_1_108' title='bbox 379 1573 409 1624; x_wconf 77' lang='lat'>18</span> <span class='ocrx_word' id='word_1_109' title='bbox 413 1589 427 1637; x_wconf 84' lang='lat'>5</span> <span class='ocrx_word' id='word_1_110' title='bbox 440 1572 491 1623; x_wconf 92' lang='lat' dir='ltr'>Cur</span> <span class='ocrx_word' id='word_1_111' title='bbox 500 1587 580 1624; x_wconf 83' lang='lat' dir='ltr'>tamen</span> <span class='ocrx_word' id='word_1_112' title='bbox 589 1574 698 1625; x_wconf 74' lang='lat' dir='ltr'>Adiacas</span> <span class='ocrx_word' id='word_1_113' title='bbox 709 1574 815 1634; x_wconf 80' lang='lat' dir='ltr'>miseram</span> <span class='ocrx_word' id='word_1_114' title='bbox 825 1590 864 1624; x_wconf 90' lang='lat' dir='ltr'>me</span> <span class='ocrx_word' id='word_1_115' title='bbox 873 1573 946 1624; x_wconf 89' lang='lat' dir='ltr'>mittis</span> <span class='ocrx_word' id='word_1_116' title='bbox 957 1574 988 1622; x_wconf 88' lang='lat' dir='ltr'>ad</span> <span class='ocrx_word' id='word_1_117' title='bbox 1000 1590 1064 1637; x_wconf 72' lang='lat' dir='ltr'>oras=</span> 
     </span>
     <span class='ocr_line' id='line_1_17' title="bbox 474 1645 1035 1714; baseline 0.002 -18"><span class='ocrx_word' id='word_1_118' title='bbox 474 1645 535 1696; x_wconf 77' lang='lat' dir='ltr'>cum</span> <span class='ocrx_word' id='word_1_119' title='bbox 544 1648 672 1713; x_wconf 84' lang='lat' dir='ltr'>profugum</span> <span class='ocrx_word' id='word_1_120' title='bbox 679 1648 757 1714; x_wconf 88' lang='lat' dir='ltr'>possis</span> <span class='ocrx_word' id='word_1_121' title='bbox 765 1648 815 1714; x_wconf 89' lang='lat' dir='ltr'>ipse</span> <span class='ocrx_word' id='word_1_122' title='bbox 824 1648 916 1697; x_wconf 80' lang='lat' dir='ltr'>referre</span> <span class='ocrx_word' id='word_1_123' title='bbox 926 1646 1035 1713; x_wconf 76' lang='lat' dir='ltr'>pedem?</span> 
     </span>
     <span class='ocr_line' id='line_1_18' title="bbox 426 1718 1036 1786; baseline 0 -17"><span class='ocrx_word' id='word_1_124' title='bbox 426 1718 476 1769; x_wconf 70' lang='lat' dir='ltr'>&#39;Tu</span> <span class='ocrx_word' id='word_1_125' title='bbox 489 1720 547 1769; x_wconf 87' lang='lat' dir='ltr'>mihi</span> <span class='ocrx_word' id='word_1_126' title='bbox 558 1720 677 1770; x_wconf 76' lang='lat' dir='ltr'>Leucadii</span> <span class='ocrx_word' id='word_1_127' title='bbox 684 1731 755 1786; x_wconf 89' lang='lat' dir='ltr'>potes</span> <span class='ocrx_word' id='word_1_128' title='bbox 767 1719 813 1770; x_wconf 83' lang='lat' dir='ltr'>effe</span> <span class='ocrx_word' id='word_1_129' title='bbox 824 1720 940 1770; x_wconf 83' lang='lat' dir='ltr'>salubrior</span> <span class='ocrx_word' id='word_1_130' title='bbox 949 1719 1013 1770; x_wconf 77' lang='lat' dir='ltr'>undis</span> <span class='ocrx_word' id='word_1_131' title='bbox 1023 1736 1036 1780; x_wconf 65' lang='grc' dir='ltr'>ς</span> 
     </span>
     <span class='ocr_line' id='line_1_19' title="bbox 472 1792 1047 1844; baseline 0.003 -3"><span class='ocrx_word' id='word_1_132' title='bbox 472 1792 505 1842; x_wconf 89' lang='lat' dir='ltr'>Et</span> <span class='ocrx_word' id='word_1_133' title='bbox 513 1793 590 1843; x_wconf 70' lang='lat' dir='ltr'>dormi</span> <span class='ocrx_word' id='word_1_134' title='bbox 601 1794 627 1844; x_wconf 77' lang='lat' dir='ltr'>bc</span> <span class='ocrx_word' id='word_1_135' title='bbox 638 1793 729 1843; x_wconf 87' lang='lat' dir='ltr'>meritis</span> <span class='ocrx_word' id='word_1_136' title='bbox 740 1805 767 1843; x_wconf 92' lang='lat' dir='ltr'>tu</span> <span class='ocrx_word' id='word_1_137' title='bbox 777 1794 833 1843; x_wconf 89' lang='lat' dir='ltr'>mihi</span> <span class='ocrx_word' id='word_1_138' title='bbox 842 1794 947 1844; x_wconf 84' lang='lat' dir='ltr'>Phoebus</span> <span class='ocrx_word' id='word_1_139' title='bbox 958 1793 1016 1843; x_wconf 82' lang='lat' dir='ltr'>eris.</span> <span class='ocrx_word' id='word_1_140' title='bbox 1045 1808 1047 1812; x_wconf 76' lang='grc'>’</span> 
     </span>
     <span class='ocr_line' id='line_1_20' title="bbox 435 1863 1028 1932; baseline 0.005 -19"><span class='ocrx_word' id='word_1_141' title='bbox 435 1863 475 1913; x_wconf 81' lang='lat' dir='ltr'>An</span> <span class='ocrx_word' id='word_1_142' title='bbox 484 1877 572 1930; x_wconf 91' lang='lat' dir='ltr'>potes,</span> <span class='ocrx_word' id='word_1_143' title='bbox 586 1864 602 1915; x_wconf 85' lang='grc' dir='ltr'><strong>ὃ</strong></span> <span class='ocrx_word' id='word_1_144' title='bbox 613 1866 715 1930; x_wconf 84' lang='lat' dir='ltr'>scopulis</span> <span class='ocrx_word' id='word_1_145' title='bbox 729 1866 839 1932; x_wconf 72' lang='lat' dir='ltr'>undique</span> <span class='ocrx_word' id='word_1_146' title='bbox 852 1867 959 1917; x_wconf 82' lang='lat' dir='ltr'>ferocior</span> <span class='ocrx_word' id='word_1_147' title='bbox 968 1866 1028 1928; x_wconf 69' lang='lat' dir='ltr'>iud,</span> 
     </span>
     <span class='ocr_line' id='line_1_21' title="bbox 376 1938 1009 2001; baseline 0.009 -16"><span class='ocrx_word' id='word_1_148' title='bbox 376 1950 425 2001; x_wconf 84' lang='lat'>190</span> <span class='ocrx_word' id='word_1_149' title='bbox 473 1938 499 1986; x_wconf 88' lang='lat' dir='ltr'>Si</span> <span class='ocrx_word' id='word_1_150' title='bbox 511 1938 615 1994; x_wconf 88' lang='lat' dir='ltr'>moriar,</span> <span class='ocrx_word' id='word_1_151' title='bbox 628 1938 724 1987; x_wconf 88' lang='lat' dir='ltr'>titulum</span> <span class='ocrx_word' id='word_1_152' title='bbox 732 1939 816 1989; x_wconf 89' lang='lat' dir='ltr'>mortis</span> <span class='ocrx_word' id='word_1_153' title='bbox 826 1941 916 1991; x_wconf 87' lang='lat' dir='ltr'>habere</span> <span class='ocrx_word' id='word_1_154' title='bbox 926 1940 1009 1991; x_wconf 84' lang='lat' dir='ltr'>meae?</span> 
     </span>
     <span class='ocr_line' id='line_1_22' title="bbox 434 2008 1024 2079; baseline 0.003 -20"><span class='ocrx_word' id='word_1_155' title='bbox 434 2008 469 2059; x_wconf 80' lang='lat' dir='ltr'>At</span> <span class='ocrx_word' id='word_1_156' title='bbox 480 2021 569 2076; x_wconf 84' lang='lat' dir='ltr'>quanto</span> <span class='ocrx_word' id='word_1_157' title='bbox 582 2011 666 2059; x_wconf 85' lang='lat' dir='ltr'>melius</span> <span class='ocrx_word' id='word_1_158' title='bbox 674 2009 742 2078; x_wconf 81' lang='lat' dir='ltr'>jungi</span> <span class='ocrx_word' id='word_1_159' title='bbox 751 2028 805 2060; x_wconf 91' lang='lat' dir='ltr'>mea</span> <span class='ocrx_word' id='word_1_160' title='bbox 817 2014 915 2079; x_wconf 68' lang='lat' dir='ltr'>pedora</span> <span class='ocrx_word' id='word_1_161' title='bbox 924 2027 1005 2063; x_wconf 90' lang='lat' dir='ltr'>tecum</span> <span class='ocrx_word' id='word_1_162' title='bbox 1014 2044 1024 2072; x_wconf 83' lang='lat'><strong>,</strong></span> 
     </span>
     <span class='ocr_line' id='line_1_23' title="bbox 471 2082 994 2151; baseline 0.004 -18"><span class='ocrx_word' id='word_1_163' title='bbox 471 2082 550 2147; x_wconf 76' lang='lat' dir='ltr'>Quim</span> <span class='ocrx_word' id='word_1_164' title='bbox 559 2096 672 2151; x_wconf 89' lang='lat' dir='ltr'>poterant</span> <span class='ocrx_word' id='word_1_165' title='bbox 678 2084 737 2135; x_wconf 79' lang='lat' dir='ltr'>saxis</span> <span class='ocrx_word' id='word_1_166' title='bbox 747 2086 916 2151; x_wconf 84' lang='lat' dir='ltr'>praecipitanda</span> <span class='ocrx_word' id='word_1_167' title='bbox 925 2086 976 2136; x_wconf 87' lang='lat' dir='ltr'>dari</span> <span class='ocrx_word' id='word_1_168' title='bbox 987 2086 994 2135; x_wconf 73' lang='grc' dir='ltr'>Ξ</span> 
     </span>
     <span class='ocr_line' id='line_1_24' title="bbox 434 2155 1064 2225; baseline 0.002 -18"><span class='ocrx_word' id='word_1_169' title='bbox 434 2155 495 2208; x_wconf 83' lang='lat' dir='ltr'>Haec</span> <span class='ocrx_word' id='word_1_170' title='bbox 507 2157 560 2209; x_wconf 87' lang='lat' dir='ltr'>sunt</span> <span class='ocrx_word' id='word_1_171' title='bbox 567 2158 625 2217; x_wconf 84' lang='lat' dir='ltr'>iila,</span> <span class='ocrx_word' id='word_1_172' title='bbox 637 2155 719 2208; x_wconf 85' lang='lat' dir='ltr'>Phaon</span> <span class='ocrx_word' id='word_1_173' title='bbox 728 2192 737 2219; x_wconf 88' lang='lat'>‚</span> <span class='ocrx_word' id='word_1_174' title='bbox 747 2176 800 2225; x_wconf 84' lang='lat' dir='ltr'>quar</span> <span class='ocrx_word' id='word_1_175' title='bbox 808 2171 835 2209; x_wconf 91' lang='lat' dir='ltr'>tu</span> <span class='ocrx_word' id='word_1_176' title='bbox 845 2160 942 2210; x_wconf 84' lang='lat' dir='ltr'>laudare</span> <span class='ocrx_word' id='word_1_177' title='bbox 950 2159 1046 2210; x_wconf 84' lang='lat' dir='ltr'>solebas</span> <span class='ocrx_word' id='word_1_178' title='bbox 1057 2191 1064 2218; x_wconf 63' lang='lat'><em>2</em></span> 
     </span>
     <span class='ocr_line' id='line_1_25' title="bbox 469 2232 920 2299; baseline -0.011 -14"><span class='ocrx_word' id='word_1_179' title='bbox 469 2232 579 2298; x_wconf 86' lang='lat' dir='ltr'>Visaque</span> <span class='ocrx_word' id='word_1_180' title='bbox 594 2232 648 2282; x_wconf 84' lang='lat' dir='ltr'>sunt</span> <span class='ocrx_word' id='word_1_181' title='bbox 657 2232 730 2283; x_wconf 86' lang='lat' dir='ltr'>toties</span> <span class='ocrx_word' id='word_1_182' title='bbox 739 2232 860 2299; x_wconf 83' lang='lat' dir='ltr'>ingeniosa</span> <span class='ocrx_word' id='word_1_183' title='bbox 868 2233 920 2281; x_wconf 88' lang='lat' dir='ltr'>tibi.</span> 
     </span>
     <span class='ocr_line' id='line_1_26' title="bbox 374 2304 1064 2371; baseline -0.003 -15"><span class='ocrx_word' id='word_1_184' title='bbox 374 2319 421 2371; x_wconf 83' lang='lat'>195</span> <span class='ocrx_word' id='word_1_185' title='bbox 433 2305 506 2354; x_wconf 86' lang='lat' dir='ltr'>Nunc</span> <span class='ocrx_word' id='word_1_186' title='bbox 515 2307 604 2355; x_wconf 80' lang='lat' dir='ltr'>vellem</span> <span class='ocrx_word' id='word_1_187' title='bbox 613 2305 717 2355; x_wconf 81' lang='lat' dir='ltr'>facunda</span> <span class='ocrx_word' id='word_1_188' title='bbox 726 2307 808 2354; x_wconf 88' lang='lat' dir='ltr'>forent</span> <span class='ocrx_word' id='word_1_189' title='bbox 819 2321 826 2354; x_wconf 91' lang='lat'><strong>:</strong></span> <span class='ocrx_word' id='word_1_190' title='bbox 839 2304 910 2353; x_wconf 88' lang='lat' dir='ltr'>dolor</span> <span class='ocrx_word' id='word_1_191' title='bbox 920 2305 1009 2353; x_wconf 86' lang='lat' dir='ltr'>artibus</span> <span class='ocrx_word' id='word_1_192' title='bbox 1022 2305 1064 2354; x_wconf 80' lang='lat' dir='ltr'>obi</span> 
     </span>
     <span class='ocr_line' id='line_1_27' title="bbox 469 2375 986 2444; baseline 0 -19"><span class='ocrx_word' id='word_1_193' title='bbox 469 2378 642 2444; x_wconf 83' lang='lat' dir='ltr'>Ingeniumque</span> <span class='ocrx_word' id='word_1_194' title='bbox 650 2377 709 2427; x_wconf 86' lang='lat' dir='ltr'>meis</span> <span class='ocrx_word' id='word_1_195' title='bbox 720 2375 818 2426; x_wconf 83' lang='lat' dir='ltr'>substitit</span> <span class='ocrx_word' id='word_1_196' title='bbox 828 2391 899 2425; x_wconf 89' lang='lat' dir='ltr'>omne</span> <span class='ocrx_word' id='word_1_197' title='bbox 907 2376 986 2425; x_wconf 83' lang='lat' dir='ltr'>malis.</span> 
     </span>
     <span class='ocr_line' id='line_1_28' title="bbox 432 2447 1053 2513; baseline 0.005 -15"><span class='ocrx_word' id='word_1_198' title='bbox 432 2450 490 2498; x_wconf 87' lang='lat' dir='ltr'>Non</span> <span class='ocrx_word' id='word_1_199' title='bbox 498 2450 555 2499; x_wconf 92' lang='lat' dir='ltr'>mihi</span> <span class='ocrx_word' id='word_1_200' title='bbox 563 2449 709 2513; x_wconf 87' lang='lat' dir='ltr'>respondent</span> <span class='ocrx_word' id='word_1_201' title='bbox 717 2460 815 2498; x_wconf 82' lang='lat' dir='ltr'>veteres</span> <span class='ocrx_word' id='word_1_202' title='bbox 823 2448 848 2496; x_wconf 92' lang='lat' dir='ltr'>in</span> <span class='ocrx_word' id='word_1_203' title='bbox 858 2447 962 2497; x_wconf 85' lang='lat' dir='ltr'>carmina</span> <span class='ocrx_word' id='word_1_204' title='bbox 970 2447 1034 2500; x_wconf 86' lang='lat' dir='ltr'>vires</span> <span class='ocrx_word' id='word_1_205' title='bbox 1044 2465 1053 2501; x_wconf 73' lang='grc' dir='ltr'><strong>ε</strong></span> 
     </span>
     <span class='ocr_line' id='line_1_29' title="bbox 468 2519 1055 2589; baseline 0.003 -18"><span class='ocrx_word' id='word_1_206' title='bbox 468 2520 559 2571; x_wconf 73' lang='grc' dir='ltr'>ΡΙεέὶτει</span> <span class='ocrx_word' id='word_1_207' title='bbox 572 2522 658 2571; x_wconf 84' lang='lat' dir='ltr'>dolote</span> <span class='ocrx_word' id='word_1_208' title='bbox 664 2532 762 2571; x_wconf 87' lang='lat' dir='ltr'>tacent:</span> <span class='ocrx_word' id='word_1_209' title='bbox 774 2531 840 2569; x_wconf 87' lang='lat' dir='ltr'>muta</span> <span class='ocrx_word' id='word_1_210' title='bbox 852 2519 938 2570; x_wconf 89' lang='lat' dir='ltr'>dolore</span> <span class='ocrx_word' id='word_1_211' title='bbox 949 2522 1001 2589; x_wconf 85' lang='lat' dir='ltr'>lyra</span> <span class='ocrx_word' id='word_1_212' title='bbox 1012 2522 1055 2574; x_wconf 82' lang='lat' dir='ltr'>est.</span> 
     </span>
     <span class='ocr_line' id='line_1_30' title="bbox 401 2594 1064 2665; baseline 0.002 -19"><span class='ocrx_word' id='word_1_213' title='bbox 401 2605 403 2608; x_wconf 79' lang='grc'><strong>“</strong></span> <span class='ocrx_word' id='word_1_214' title='bbox 432 2594 547 2646; x_wconf 81' lang='lat' dir='ltr'>Lesbides</span> <span class='ocrx_word' id='word_1_215' title='bbox 561 2610 699 2661; x_wconf 71' lang='lat' dir='ltr'>aequoreae,</span> <span class='ocrx_word' id='word_1_216' title='bbox 716 2605 867 2660; x_wconf 82' lang='lat' dir='ltr'>nupturaque</span> <span class='ocrx_word' id='word_1_217' title='bbox 879 2606 1000 2662; x_wconf 84' lang='lat' dir='ltr'>nuptaque</span> <span class='ocrx_word' id='word_1_218' title='bbox 1010 2598 1064 2665; x_wconf 86' lang='lat' dir='ltr'>prol</span> 
     </span>
     <span class='ocr_line' id='line_1_31' title="bbox 370 2666 955 2737; baseline -0.007 -14"><span class='ocrx_word' id='word_1_219' title='bbox 370 2686 422 2723; x_wconf 85' lang='lat'>200</span> <span class='ocrx_word' id='word_1_220' title='bbox 470 2668 604 2729; x_wconf 81' lang='lat' dir='ltr'>Lesbides,</span> <span class='ocrx_word' id='word_1_221' title='bbox 614 2666 801 2719; x_wconf 68' lang='lat' dir='ltr'>AEolianomina</span> <span class='ocrx_word' id='word_1_222' title='bbox 812 2668 872 2718; x_wconf 69' lang='lat' dir='ltr'>dista</span> <span class='ocrx_word' id='word_1_223' title='bbox 882 2668 935 2737; x_wconf 74' lang='lat' dir='ltr'>lyrb</span> <span class='ocrx_word' id='word_1_224' title='bbox 946 2686 955 2727; x_wconf 93' lang='lat'>;</span> 
     </span>
     <span class='ocr_line' id='line_1_32' title="bbox 431 2742 1055 2809; baseline 0.003 -17"><span class='ocrx_word' id='word_1_225' title='bbox 431 2743 546 2794; x_wconf 87' lang='lat' dir='ltr'>Lesbides</span> <span class='ocrx_word' id='word_1_226' title='bbox 556 2778 562 2803; x_wconf 91' lang='lat'>,</span> <span class='ocrx_word' id='word_1_227' title='bbox 571 2743 686 2794; x_wconf 81' lang='lat' dir='ltr'>&#39;infamem</span> <span class='ocrx_word' id='word_1_228' title='bbox 694 2760 747 2809; x_wconf 76' lang='lat' dir='ltr'>que</span> <span class='ocrx_word' id='word_1_229' title='bbox 756 2760 795 2792; x_wconf 89' lang='lat' dir='ltr'>me</span> <span class='ocrx_word' id='word_1_230' title='bbox 808 2742 896 2793; x_wconf 81' lang='lat' dir='ltr'>fecistis</span> <span class='ocrx_word' id='word_1_231' title='bbox 909 2756 1009 2802; x_wconf 85' lang='lat' dir='ltr'>amatae;</span> <span class='ocrx_word' id='word_1_232' title='bbox 1053 2756 1055 2759; x_wconf 78' lang='grc'>’</span> 
     </span>
     <span class='ocr_line' id='line_1_33' title="bbox 468 2817 991 2869; baseline 0.006 -5"><span class='ocrx_word' id='word_1_233' title='bbox 468 2817 580 2869; x_wconf 90' lang='lat' dir='ltr'>Desinite</span> <span class='ocrx_word' id='word_1_234' title='bbox 591 2818 621 2869; x_wconf 90' lang='lat' dir='ltr'>ad</span> <span class='ocrx_word' id='word_1_235' title='bbox 634 2818 737 2868; x_wconf 87' lang='lat' dir='ltr'>citharas</span> <span class='ocrx_word' id='word_1_236' title='bbox 745 2818 815 2868; x_wconf 91' lang='lat' dir='ltr'>turba</span> <span class='ocrx_word' id='word_1_237' title='bbox 825 2817 909 2868; x_wconf 88' lang='lat' dir='ltr'>venire</span> <span class='ocrx_word' id='word_1_238' title='bbox 917 2834 991 2867; x_wconf 88' lang='lat' dir='ltr'>meas.</span> 
     </span>
     <span class='ocr_line' id='line_1_34' title="bbox 429 2884 1064 2959; baseline 0.005 -24"><span class='ocrx_word' id='word_1_239' title='bbox 429 2884 533 2939; x_wconf 80' lang='lat' dir='ltr'>Abstulit</span> <span class='ocrx_word' id='word_1_240' title='bbox 543 2908 615 2942; x_wconf 88' lang='lat' dir='ltr'>omne</span> <span class='ocrx_word' id='word_1_241' title='bbox 626 2892 725 2950; x_wconf 87' lang='lat' dir='ltr'>Phaon,</span> <span class='ocrx_word' id='word_1_242' title='bbox 738 2892 803 2959; x_wconf 90' lang='lat' dir='ltr'>quod</span> <span class='ocrx_word' id='word_1_243' title='bbox 812 2891 883 2942; x_wconf 83' lang='lat' dir='ltr'>vobis</span> <span class='ocrx_word' id='word_1_244' title='bbox 894 2904 949 2941; x_wconf 88' lang='lat' dir='ltr'>ante</span> <span class='ocrx_word' id='word_1_245' title='bbox 960 2891 1064 2954; x_wconf 78' lang='lat' dir='ltr'>placebat</span> 
     </span>
     <span class='ocr_line' id='line_1_35' title="bbox 467 2961 1048 3032; baseline 0.003 -23"><span class='ocrx_word' id='word_1_246' title='bbox 467 2961 511 3010; x_wconf 87' lang='lat' dir='ltr'>Me</span> <span class='ocrx_word' id='word_1_247' title='bbox 522 2964 629 3014; x_wconf 82' lang='lat' dir='ltr'>miseram</span> <span class='ocrx_word' id='word_1_248' title='bbox 640 2964 646 3013; x_wconf 92' lang='lat'>!</span> <span class='ocrx_word' id='word_1_249' title='bbox 659 2965 707 3014; x_wconf 82' lang='lat' dir='ltr'>dixi</span> <span class='ocrx_word' id='word_1_250' title='bbox 715 2970 783 3032; x_wconf 80' lang='lat' dir='ltr'>qudm</span> <span class='ocrx_word' id='word_1_251' title='bbox 791 2962 864 3015; x_wconf 75' lang='lat' dir='ltr'>modsi</span> <span class='ocrx_word' id='word_1_252' title='bbox 872 2980 955 3032; x_wconf 83' lang='lat' dir='ltr'>paene,</span> <span class='ocrx_word' id='word_1_253' title='bbox 966 2962 1048 3011; x_wconf 83' lang='lat' dir='ltr'>meus!</span> 
     </span>
    </p>
   </div>
   <div class='ocr_carea' id='block_1_3' title="bbox 368 3031 1064 3176">
    <p class='ocr_par' dir='ltr' id='par_1_3' title="bbox 368 3031 1064 3176">
     <span class='ocr_line' id='line_1_36' title="bbox 368 3031 1064 3109; baseline 0.004 -27"><span class='ocrx_word' id='word_1_254' title='bbox 368 3047 419 3097; x_wconf 87' lang='lat'>205</span> <span class='ocrx_word' id='word_1_255' title='bbox 433 3031 533 3089; x_wconf 68' lang='lat' dir='ltr'>Efficite,</span> <span class='ocrx_word' id='word_1_256' title='bbox 539 3047 566 3086; x_wconf 92' lang='lat' dir='ltr'>ut</span> <span class='ocrx_word' id='word_1_257' title='bbox 574 3038 672 3094; x_wconf 83' lang='lat' dir='ltr'>redeat,</span> <span class='ocrx_word' id='word_1_258' title='bbox 681 3051 750 3088; x_wconf 85' lang='lat' dir='ltr'>vates</span> <span class='ocrx_word' id='word_1_259' title='bbox 761 3054 857 3104; x_wconf 89' lang='lat' dir='ltr'>quoque</span> <span class='ocrx_word' id='word_1_260' title='bbox 865 3036 942 3088; x_wconf 86' lang='lat' dir='ltr'>vestra</span> <span class='ocrx_word' id='word_1_261' title='bbox 950 3035 1036 3087; x_wconf 80' lang='lat' dir='ltr'>redibit</span> <span class='ocrx_word' id='word_1_262' title='bbox 1048 3050 1064 3109; x_wconf 50' lang='grc' dir='ltr'><em>ἦ</em></span> 
     </span>
     <span class='ocr_line' id='line_1_37' title="bbox 467 3106 900 3176; baseline 0.009 -20"><span class='ocrx_word' id='word_1_263' title='bbox 467 3106 567 3174; x_wconf 80' lang='lat' dir='ltr'>Ingenio</span> <span class='ocrx_word' id='word_1_264' title='bbox 581 3110 644 3162; x_wconf 85' lang='lat' dir='ltr'>vices</span> <span class='ocrx_word' id='word_1_265' title='bbox 653 3111 694 3161; x_wconf 92' lang='lat' dir='ltr'>ille</span> <span class='ocrx_word' id='word_1_266' title='bbox 707 3112 749 3161; x_wconf 85' lang='lat' dir='ltr'>dat</span> <span class='ocrx_word' id='word_1_267' title='bbox 756 3143 765 3171; x_wconf 89' lang='lat'>‚</span> <span class='ocrx_word' id='word_1_268' title='bbox 777 3111 819 3161; x_wconf 86' lang='lat' dir='ltr'>ilie</span> <span class='ocrx_word' id='word_1_269' title='bbox 828 3108 900 3176; x_wconf 79' lang='lat' dir='ltr'>rapit.</span> 
     </span>
    </p>
   </div>
   <div class='ocr_carea' id='block_1_4' title="bbox 0 0 1200 3892">
    <p class='ocr_par' dir='ltr' id='par_1_4' title="bbox 0 0 1200 3892">
     <span class='ocr_line' id='line_1_38' title="bbox 0 0 1200 3892; baseline 0 0"><span class='ocrx_word' id='word_1_270' title='bbox 0 0 1200 3892; x_wconf 95' lang='lat' dir='ltr'> </span> 
     </span>
    </p>
   </div>
  </div>
 </body>
</html>
