2392 3892
337 449 416 519 282
468 446 678 517 Orrnrr
705 446 956 519 Nasonrs

341 568 400 616 Non
417 564 489 614 facile
505 563 539 614 est
554 563 606 614 visi
622 577 717 615 taurum
733 567 841 616 retinere
857 566 977 633 juvenci:

376 639 456 704 Fortis
471 654 546 703 equus
562 638 618 687 vilae
635 639 727 704 semper
740 639 851 689 adhinnit
866 657 944 707 equae.

200 725 207 735 ·
244 706 254 720 '
277 714 328 781 635
339 711 401 762 llaec
417 713 457 761 ubi
473 709 627 776 prestiteris,
645 724 672 762 ut
686 712 783 761 tandem
798 712 873 763 litora
886 726 985 784 tangas,

377 786 436 835 Non
452 784 507 834 satis
523 783 558 833 est
574 784 647 849 ipsam
664 784 790 835 deseruiffe
807 786 863 837 tibi.

341 859 373 909 Et
387 860 474 917 soror,
492 857 518 907 dt
533 869 610 907 mater
624 860 741 917 valeant,
760 858 787 908 dt
802 858 899 910 conscia
914 861 1021 920 nutti13'

375 931 407 982 Et
423 930 535 997 quicquid
551 931 654 981 dominae
671 949 726 997 pars
742 932 789 981 erit
805 933 854 981 ulla
870 947 929 983 tuae.

339 1005 394 1058 Nec
409 1005 492 1055 veniat
506 1003 587 1053 servus
604 1020 611 1054 r
626 1022 673 1054 nec
688 1005 749 1055 nens
762 1005 876 1058 ancillula
891 1004 970 1056 fidium

277 1077 331 1143 640
376 1078 523 1145 Suppliciter
539 1077 641 1128 dorninae
657 1078 754 1128 nomine
768 1074 935 1137 dicat,‘Ave.

338 1152 393 1202 Nec
405 1183 413 1208 ,
430 1151 451 1201 si
465 1149 525 1199 scire
536 1151 605 1199 voles
617 1182 625 1207 ,
643 1152 701 1216 quid
710 1162 766 1218 agat
777 1162 859 1201 tamen
867 1152 928 1212 illa,
945 1153 1035 1221 rogabis.

374 1223 460 1273 Profer
476 1239 484 1272 r
501 1222 547 1271 erit
562 1224 633 1272 lucro
648 1224 728 1291 lingua
743 1236 842 1274 retenta
857 1224 910 1275 suo.

336 1296 377 1346 Tu
393 1311 511 1363 quoque,
527 1296 567 1361 qui
584 1297 678 1346 causatu
697 1295 759 1346 finiti
774 1297 855 1346 reddis
871 1298 978 1358 amoris,

373 1369 463 1436 Deque
478 1382 520 1420 tua
535 1368 631 1419 domina
644 1370 720 1419 multa
736 1370 859 1435 querenda
872 1370 972 1430 refers,

275 1440 326 1506 645
338 1441 414 1495 Parce
425 1440 499 1509 'queri
513 1457 521 1493 ε
537 1441 622 1493 melitis
638 1443 672 1492 sic
692 1444 808 1493 ulciscere
822 1443 952 1501 tacendos

375 1516 441 1565 Dum
459 1516 583 1567 desideriis
600 1515 683 1566 effluat
699 1516 740 1566 illa
756 1516 813 1564 tuis.

337 1589 370 1639 Et
387 1590 465 1639 malim
482 1601 583 1648 taceas,
603 1592 673 1655 quint
689 1601 714 1639 te
732 1588 817 1639 desille
833 1588 953 1654 loquaris.

375 1662 426 1725 Qui
442 1659 537 1712 nimidm
554 1664 655 1720 multis,
673 1664 732 1713 Non
746 1677 821 1721 amo,
838 1662 898 1712 dicit
907 1679 917 1721 3
935 1674 1003 1714 amat.

337 1734 386 1785 Sed
403 1735 506 1785 meliore
520 1733 567 1785 fide
585 1736 698 1801 paulatim
715 1734 871 1801 exstinguitur
887 1735 968 1802 ignis,

274 1806 290 1858 6
294 1822 328 1871 50
375 1808 454 1872 Quam
472 1806 550 1859 subitd
565 1823 573 1859 t
589 1807 655 1858 lente
671 1808 775 1866 desine;
792 1820 859 1858 tutus
878 1809 936 1859 eris.

335 1881 444 1931 Flumine
461 1893 581 1945 perpetuo
598 1893 694 1930 torrens
710 1881 772 1931 solet
788 1878 867 1931 atritis
884 1882 939 1933 ire:

373 1952 422 2001 Sed
438 1964 518 2002 tamen
533 1951 584 2001 haec
600 1953 680 2002 brevis
695 1952 747 2011 est,
764 1952 805 2002 illa
822 1954 941 2019 perennis
954 1970 1017 2022 aqua.

335 2025 433 2085 Fallat,
453 2025 480 2075 δι
495 2024 521 2076 in
535 2037 623 2076 tenues
640 2025 755 2076 evanidus
771 2040 844 2076 exeat
860 2044 952 2086 auras,

373 2098 468 2166 Perque
484 2099 571 2167 gradus
587 2100 673 2150 molles
688 2100 819 2151 emoriatur
834 2117 913 2151 amor.

275 2171 325 2237 655
337 2174 387 2226 Sed
401 2171 475 2225 mudd
492 2174 602 2224 dileuam
617 2174 695 2223 scelus
710 2173 743 2223 est
760 2170 833 2223 odisse
848 2176 977 2241 puellams
1019 2181 1021 2184 ’

375 2248 459 2298 Exitus
470 2247 575 2315 ingeniis
592 2248 708 2297 convenit
721 2246 763 2297 iste
778 2247 845 2298 seris.

337 2323 408 2373 Nune
425 2337 509 2370 curare
524 2321 559 2370 sat
575 2320 608 2370 est
623 2337 630 2370 ε
649 2320 706 2370 odio
721 2320 761 2386 qni
775 2318 828 2369 finit
841 2336 968 2381 amorem,

374 2395 425 2444 Aut
441 2405 522 2451 amat,
542 2405 583 2443 aut
598 2410 662 2460 aegre
680 2393 775 2444 desinet
792 2392 838 2443 effe
854 2394 934 2445 miser.

336 2467 419 2531 Turpe
429 2467 466 2517 vir
478 2467 502 2516 δι
514 2466 614 2522 mulier,
626 2465 699 2529 juntli
710 2463 797 2524 modd‚
809 2467 920 2532 protinus
930 2466 1025 2523 hostes:

274 2535 325 2586 660
372 2541 428 2588 Non
445 2538 496 2586 illas
513 2537 568 2586 lites
583 2537 674 2601 Appias
690 2538 738 2603 ipsa
751 2541 849 2605 probat.

334 2612 404 2678 Saepe
420 2626 473 2662 reas
488 2610 599 2668 faciunt,
619 2610 738 2661 &amant
755 2628 762 2662 ε
777 2612 818 2662 ubi
833 2613 898 2663 nulla
915 2612 1019 2663 simultas

373 2684 478 2743 Incidit,
495 2683 621 2751 admonitu
636 2684 697 2735 liber
712 2687 807 2735 aberrat
823 2702 900 2736 amor.

336 2759 410 2810 Forte
424 2759 520 2809 aderam
535 2756 620 2823 juveni
634 2774 642 2810 ι
659 2758 778 2808 dominam
791 2758 876 2808 leuica
888 2760 1008 2810 tenebatt

371 2832 511 2882 Horrebant
527 2831 593 2883 savis
610 2832 689 2882 omnia
705 2834 779 2881 verba
794 2832 873 2881 minis.

273 2896 324 2963 665
335 2904 435 2971 Jamque
452 2905 600 2965 vadaturus,
619 2904 715 2955 Leuica
728 2905 847 2972 prodeat,
862 2903 963 2969 inquit.'

373 2977 498 3028 Prudierat
512 2994 520 3028 t
533 2978 585 3029 visi
603 2977 727 3048 conjuge,
743 2990 821 3029 mutus
837 2988 900 3025 erat.

335 3050 367 3098 Et
382 3068 480 3108 manus,
498 3051 524 3101 &
538 3053 647 3103 manibus
661 3052 768 3118 duplices
785 3048 896 3098 cecidere
910 3053 1026 3104 tabellaet

370 3123 447 3175 Venit
463 3124 486 3173 in
504 3129 645 3193 amplexus,
658 3136 730 3190 atque
746 3124 800 3181 ita3
818 3120 926 3183 Vincis,
944 3126 988 3176 ait.
