2392 3892
284 443 445 512 Lim
469 441 498 509 1.
525 443 726 511 Ezucu
751 445 805 511 II.
846 465 915 516 121

169 573 174 604 ἔ
216 560 252 614 Nil
268 579 330 630 opus
349 562 383 613 est
398 562 464 612 bello
481 578 488 613 r
506 577 590 626 pacem
607 562 750 627 veniamque
765 579 894 629 rogamus:

246 637 300 685 Nec
317 636 362 685 tibi
376 636 446 694 laus,
463 635 534 684 armis
551 634 628 683 vietus
645 635 760 693 inermis,
779 652 831 686 ero.

214 707 287 759 Nede
304 725 398 759 comem
413 721 495 776 myrto
512 724 519 757 ι
534 720 655 758 maternas
671 706 746 777 iunge
764 709 904 761 columbasr

246 781 297 846 Qui
312 782 419 839 deceat,
438 797 533 830 currum
548 780 649 829 vitricus
666 779 715 846 ipse
733 781 807 830 dabit.

212 852 286 922 ioque
302 855 361 907 dato
378 870 471 909 curru,
487 854 585 917 populo
597 854 715 902 clamante
728 855 892 920 triumphum,
931 874 962 921 25

245 927 349 986 Stobis3
371 929 398 978 &
414 923 536 989 adjunctas
553 936 606 974 arte
621 926 729 975 movebis
745 943 813 977 aves.

212 999 343 1051 Ducentur
361 999 463 1063 juvenes
480 996 561 1063 capti,
581 1010 706 1064 captaeque
722 999 831 1063 puellae:

245 1074 311 1124 Haec
328 1071 374 1121 tibi
390 1069 526 1138 magnificus
541 1087 630 1137 pompa
645 1072 778 1139 triumphus
794 1073 851 1124 erit.

213 1146 262 1213 lple
274 1163 341 1215 ego,
352 1146 432 1212 praeda
441 1160 541 1210 recens,
553 1144 641 1195 sallum
651 1146 725 1197 modo
735 1147 823 1198 vulnus
833 1146 928 1199 habebo
940 1166 947 1198 r

246 1220 278 1269 Et
294 1236 361 1270 nova
379 1218 473 1284 captivi
487 1219 583 1268 vincula
597 1232 679 1271 mente
696 1220 781 1271 feram.
931 1236 966 1287 30

215 1290 285 1344 Mens
300 1292 369 1344 Bona
384 1291 487 1342 ducetur
500 1292 610 1341 manibus
624 1293 676 1357 post
691 1305 760 1360 terga
773 1294 892 1355 retortis,

247 1366 279 1416 Et
295 1365 398 1423 Pudor,
419 1366 446 1415 δι
461 1363 542 1414 castris
558 1365 671 1430 quicquid
686 1365 782 1416 Amoris
799 1367 875 1417 obest.

216 1437 300 1490 Omnia
315 1451 343 1490 te
357 1448 468 1489 metuent
485 1452 493 1487 r
511 1438 542 1486 ad
555 1450 581 1487 te
596 1437 636 1486 sua
653 1438 749 1486 brachia
763 1438 875 1489 tendent.

246 1513 363 1580 Vulgus,
380 1511 429 1571 lo,
446 1510 532 1577 magni
547 1527 629 1568 voce,
648 1509 800 1577 Triumphe,
818 1524 898 1564 canet.

215 1583 335 1636 Blanditiae
344 1584 388 1635 tibi
398 1596 469 1634 erunt
480 1584 599 1641 comites,
613 1583 753 1652 Errorque,
764 1583 890 1653 Furorque
901 1619 909 1645 ,
931 1598 963 1653 35

247 1656 352 1709 Assidue
365 1667 446 1722 partes
460 1657 530 1706 turba
545 1657 626 1706 secuta
642 1668 706 1708 tuas.

215 1728 257 1781 Hie
271 1743 300 1781 tu
316 1730 430 1781 militibus
446 1730 542 1796 superae
558 1730 717 1797 hominesque
732 1728 873 1798 Deosque:
939 1791 941 1796 ¹

249 1801 310 1856 Haec
327 1803 371 1855 tibi
385 1803 405 1854 ri
421 1804 501 1854 demas
519 1804 664 1863 commoda,
684 1805 764 1856 nultus
779 1806 838 1857 eris.

215 1874 280 1930 heta
295 1876 450 1943 triumphanti
467 1876 497 1927 de
512 1877 603 1927 summo
618 1878 702 1928 Mater
717 1876 828 1946 Olympo

169 1943 174 1952 ’
247 1949 367 2009 Plaudet,
387 1952 413 2002 δι
426 1950 546 2018 ιρροςίῑες
561 1952 655 2019 sparget
670 1952 695 2001 in
712 1968 756 2002 ora
771 1952 847 2004 roser.
925 1969 963 2017 4ο

216 2020 270 2083 Tu,
287 2039 378 2090 pennas
393 2024 503 2092 gemml,
518 2026 612 2092 gemml
626 2026 734 2075 variante
752 2026 872 2092 capillos,

248 2097 295 2148 ibis
310 2096 336 2147 in
352 2098 440 2148 auratis
453 2114 540 2148 aureus
554 2099 605 2164 ipse
621 2098 692 2146 rotis.

215 2168 274 2220 Tum
284 2186 383 2237 quoque
393 2186 443 2218 non
453 2186 543 2234 paucos
556 2202 564 2227 ,
580 2170 601 2219 si
613 2181 639 2217 te
649 2169 712 2217 bene
724 2167 833 2219 novimus
845 2202 853 2227 ,
868 2185 923 2220 ures
935 2186 944 2220 r

247 2244 311 2294 Tum
326 2258 424 2310 quoque
439 2242 579 2305 praeteriens
593 2242 693 2289 vulnera
707 2242 782 2291 multa
799 2240 874 2291 debis.

215 2316 269 2366 Non
283 2315 399 2383 poliunt,
417 2314 477 2364 licet
491 2313 541 2379 ipse
555 2313 636 2372 velis,
654 2312 742 2364 ceffare
760 2313 872 2381 sagitta:
927 2330 944 2376 4
949 2329 962 2379 ς

247 2390 352 2450 fervide
366 2387 447 2438 vicino
464 2387 557 2437 flamma
573 2403 664 2453 vapore
681 2398 766 2439 nocet.

214 2461 278 2514 Talis
293 2474 348 2513 erat
363 2461 452 2513 domita
466 2462 574 2513 Bacchus
592 2460 732 2529 Gangetide
747 2459 832 2513 terrie

247 2535 288 2587 Tu
306 2535 384 2605 gravis
400 2535 515 2594 alitibus;
534 2535 634 2603 tigribus
650 2536 691 2585 ille
707 2536 762 2586 fuit.
827 2571 831 2578 -

214 2608 297 2677 Ergo,
316 2624 365 2676 ego
381 2607 434 2660 crim
446 2610 536 2675 possim
552 2610 611 2659 sacri
624 2626 679 2675 pars
695 2608 742 2659 else
757 2609 892 2676 triumphi,

249 2681 326 2734 Parte
343 2693 396 2730 tuas
410 2682 436 2731 in
449 2698 489 2731 me
503 2682 624 2747 perdere,
641 2682 738 2739 vietor,
757 2696 829 2745 opes.
845 2737 847 2742 ,
929 2695 963 2746 50

216 2754 299 2821 Aspice
315 2753 414 2820 cognati
428 2752 517 2801 felicia·
523 2752 623 2802 Caesaris
637 2770 701 2803 arma
713 2770 720 2804 r

218 2816 223 2830 ’
250 2826 307 2897 Qui
323 2826 421 2886 vincit,
435 2823 511 2877 vietor
526 2824 634 2891 protegit
649 2826 690 2875 iue
702 2857 710 2883 ,
724 2839 806 2878 manu·

522 2986 690 3070 W
