2392 3892
207 447 210 454 ’
282 478 566 553 Hunorum.
593 477 667 547 Ep.
696 479 817 549 Viri.
853 496 905 577 35

186 601 235 653 Mo
245 600 290 652 tibi
299 601 442 668 Tyndareos
453 633 460 658 ,
472 598 522 648 vita
531 598 611 665 gravis
620 596 704 647 audior
713 598 738 648 dt
750 600 817 651 anuis
827 631 836 659 ,

224 675 337 724 Tradidit
348 692 355 725 :
366 674 487 723 arbitrium
498 672 576 737 neptis
588 672 693 721 habebat
703 688 773 721 avus.

188 747 223 798 At
237 761 309 813 pater
318 746 426 798 AEacidae
437 744 591 812 promiserit,
606 746 691 794 inscius
702 744 757 794 aui.

226 820 284 871 Plus
301 838 350 888 quo
361 854 368 878 ,
378 820 426 886 'qui
441 821 507 885 prior
516 818 548 867 eu
558 818 659 877 ordine,
672 817 749 884 posset
760 834 830 869 avus.

186 891 253 943 -Cdm
263 895 307 943 tibi
316 894 449 949 nubebam,
462 892 522 940 nulli
534 908 586 940 mea
595 892 656 941 taeda
666 891 792 941 nocebat:
914 908 948 963 35

225 967 251 1016 Si
268 965 354 1033 jungar
365 965 460 1031 Pyrrho
470 997 478 1021 ,
488 976 515 1013 tu
525 963 581 1012 mihi
591 964 658 1014 laesus
669 964 727 1014 eris.

188 1037 223 1090 Et
231 1050 303 1104 pater
318 1038 427 1106 ignoscet
435 1037 513 1088 nostro
522 1036 648 1088 Menelais
661 1037 755 1090 amori:

227 1111 362 1160 Succubuit
374 1111 429 1160 telis
442 1112 555 1177 prepetis
565 1111 616 1177 ipse
626 1111 684 1161 Dei.

188 1184 276 1249 Quem
292 1184 336 1234 sibi
351 1184 474 1250 permisit,
492 1201 583 1252 genero
598 1185 726 1250 permittet
739 1199 864 1238 amorem

226 1256 339 1308 Proderit
352 1259 462 1323 exemplo
480 1270 557 1307 mater
568 1269 646 1307 amata
659 1258 710 1307 suo.
911 1280 948 1328 40

187 1331 229 1382 Tu
247 1330 321 1389 mihi,
337 1331 403 1396 quod
414 1330 484 1379 matri
500 1342 589 1393 pater,
607 1344 633 1378 es
647 1345 727 1394 :quas
742 1343 826 1399 egerat
843 1333 901 1383 olim

224 1404 365 1453 Dardanius
380 1414 463 1467 partes
480 1401 571 1449 advena
582 1433 591 1457 ,
601 1398 707 1466 Pyrrhus
721 1404 779 1469 agit.

187 1478 233 1527 llle
250 1477 313 1527 litet
329 1476 413 1541 patriis
430 1473 481 1523 sine
495 1471 545 1527 fine
555 1472 676 1538 superbiat
684 1473 741 1522 ediis
749 1490 759 1531 3

224 1550 257 1600 Et
266 1561 293 1599 tu
304 1581 312 1608 ,
327 1564 380 1615 quae
393 1547 504 1605 referas,
517 1546 567 1596 adia
577 1546 684 1611 parentis
695 1547 777 1597 habes.
957 1573 965 1586 -·

187 1622 332 1673 Tantalides
341 1637 426 1671 omnes
438 1620 561 1686 ipsumque
570 1620 671 1687 regebat
683 1618 796 1671 Achillen
807 1635 816 1672 t
914 1649 948 1697 45

225 1696 276 1745 Hic
292 1711 347 1761 pars
358 1694 465 1751 militia
478 1693 526 1743 dux
536 1704 589 1743 erat
604 1694 647 1743 ille
663 1692 759 1742 ducum.

186 1768 228 1818 Tu
235 1784 333 1834 quoque
340 1769 413 1817 habes
420 1783 536 1832 proavum
543 1766 951 1840 Pelopem,Pelopisqu'epareutem
961 1784 968 1819 :

225 1842 250 1890 Si
262 1841 348 1891 melius
358 1855 487 1898 numeres,
498 1858 511 1889 a
522 1841 585 1892 Jove
598 1840 695 1905 quintus
704 1842 761 1891 etis.

190 1914 244 1964 Nec
255 1915 347 1964 virtute
361 1931 428 1964 cares
441 1929 447 1964 t
460 1929 523 1962 arma
533 1913 649 1963 invidiosa
658 1914 741 1967 tulisti.

226 1987 274 2037 Sed
291 2000 318 2037 tu
332 1987 391 2053 quid
401 1986 603 2037 facetesiinduit
610 1988 649 2037 iila
659 2002 738 2053 pater.
915 1992 949 2042 50

191 2060 295 2110 Materid
309 2061 398 2110 veliem
413 2060 482 2110 fortis
501 2062 602 2110 meliore
618 2061 718 2111 fuiffes:

227 2133 284 2183 Non
294 2133 355 2183 ledia
366 2132 398 2182 eii
408 2167 415 2191 ,
428 2133 496 2197 operi
507 2134 548 2183 sed
557 2133 613 2183 data
623 2134 692 2183 causa
702 2146 756 2183 tuo.

190 2205 260 2256 Hanc
274 2218 355 2256 tamen
365 2205 466 2271 implesti
476 2222 485 2263 ς
500 2204 634 2271 juguloque
642 2204 772 2271 AEgysthus
780 2218 867 2271 aperto

225 2279 302 2330 Tedia
316 2278 472 2333 cruentavit,
486 2294 539 2342 quae
550 2288 620 2342 pater
634 2289 690 2326 ante
700 2290 766 2327 tuus.

191 2350 302 2418 Increpat
312 2351 428 2403 AEacides
438 2384 446 2408 ,
459 2351 602 2417 laudemque
611 2350 635 2398 in
645 2350 742 2399 crimina
752 2349 826 2401 vertit
838 2365 848 2400 t
917 2368 929 2417 5
935 2368 948 2418 5

226 2426 258 2475 Et
271 2438 354 2476 tamen
368 2424 475 2491 aspettus
485 2423 580 2473 sustinet
589 2424 630 2473 ille
641 2441 718 2473 meos.

191 2496 299 2563 Rumpor
310 2530 317 2556 ,
330 2499 407 2549 &ora
418 2498 474 2546 mihi
484 2498 574 2563 pariter
589 2514 644 2547 cum
654 2509 737 2548 mente
746 2499 900 2551 tumescunt:

226 2570 376 2636 Pedoraque
386 2571 484 2620 inclusis
494 2572 586 2638 ignibus
597 2571 647 2621 usta
661 2572 754 2623 dolent.

191 2642 326 2694 Hermione
339 2660 419 2694 coram
429 2645 585 2711 quicquamne
596 2645 702 2712 objceret
713 2645 829 2697 Orestae?

225 2719 281 2767 Nec
291 2717 348 2765 mihi
359 2717 410 2766 sunt
420 2719 484 2767 vires
495 2736 556 2775 ,nec
567 2719 634 2768 ferus
645 2720 709 2769 ensis
719 2719 792 2767 adest.
912 2715 949 2767 60

191 2788 261 2841 Flere
273 2790 335 2839 iicet
344 2788 410 2839 certe
423 2807 429 2840 ε
440 2791 522 2839 flendo
533 2790 685 2840 diffundimus
696 2793 773 2840 iram:

226 2862 323 2929 Perque
334 2863 410 2912 sinum
420 2865 532 2930 iacrymae
542 2896 550 2918 ,
560 2864 664 2912 fluminis
673 2862 744 2911 instar
754 2897 762 2921 ,
774 2875 843 2916 eunt.

193 2934 241 2986 iias
252 2937 314 2987 solas
324 2937 406 2985 habeo
415 2936 507 3002 semper
517 2969 525 2993 ,
537 2936 679 3002 semperque
687 2936 819 3001 profundo.
834 2967 836 2972 ·

226 3010 338 3060 Hument
348 3010 447 3059 incultae
461 3010 531 3058 fonte
542 3025 650 3074 perenne
660 3027 738 3077 genae.

194 3079 248 3132 iioc
260 3084 355 3149 generis
366 3083 417 3132 fato
424 3093 436 3139 ,'
445 3084 510 3149 quod
519 3080 612 3132 nostros
626 3096 691 3133 errat
700 3084 726 3133 in
735 3100 828 3146 anrros,
911 3078 944 3143 65

229 3156 370 3209 Tantalides
380 3168 468 3209 matres
477 3167 532 3225 apta
541 3156 623 3225 rupina
633 3157 719 3210 sumus.

724 3230 782 3300 nn
