<?xml version="1.0" encoding="UTF-8"?>
<!DOCTYPE html PUBLIC "-//W3C//DTD XHTML 1.0 Transitional//EN"
    "http://www.w3.org/TR/xhtml1/DTD/xhtml1-transitional.dtd">
<html xmlns="http://www.w3.org/1999/xhtml" xml:lang="en" lang="en">
 <head>
  <title>
</title>
<meta http-equiv="Content-Type" content="text/html;charset=utf-8" />
  <meta name='ocr-system' content='tesseract 3.04.00' />
  <meta name='ocr-capabilities' content='ocr_page ocr_carea ocr_par ocr_line ocrx_word'/>
</head>
<body>
  <div class='ocr_page' id='page_1' title='image "./povidiinasoniso00heingoog_0205.png"; bbox 0 0 2392 3892; ppageno 0'>
   <div class='ocr_carea' id='block_1_1' title="bbox 251 423 935 529">
    <p class='ocr_par' dir='ltr' id='par_1_1' title="bbox 251 423 935 529">
     <span class='ocr_line' id='line_1_1' title="bbox 251 423 935 529; baseline 0.001 -21"><span class='ocrx_word' id='word_1_1' title='bbox 251 522 256 529; x_wconf 25' lang='lat'>¹</span> <span class='ocrx_word' id='word_1_2' title='bbox 326 439 396 508; x_wconf 86' lang='lat'>188</span> <span class='ocrx_word' id='word_1_3' title='bbox 449 423 658 507; x_wconf 70' lang='lat' dir='ltr'>omnir</span> <span class='ocrx_word' id='word_1_4' title='bbox 685 435 935 510; x_wconf 69' lang='lat' dir='ltr'>Aaronom</span> 
     </span>
    </p>
   </div>
   <div class='ocr_carea' id='block_1_2' title="bbox 257 553 1029 1695">
    <p class='ocr_par' dir='ltr' id='par_1_2' title="bbox 257 553 1029 1695">
     <span class='ocr_line' id='line_1_2' title="bbox 322 553 1005 624; baseline 0.003 -18"><span class='ocrx_word' id='word_1_5' title='bbox 322 558 431 623; x_wconf 79' lang='lat' dir='ltr'><strong>Cumque</strong></span> <span class='ocrx_word' id='word_1_6' title='bbox 448 556 496 607; x_wconf 91' lang='lat' dir='ltr'>tuis</span> <span class='ocrx_word' id='word_1_7' title='bbox 512 556 552 605; x_wconf 82' lang='lat' dir='ltr'>sua</span> <span class='ocrx_word' id='word_1_8' title='bbox 567 553 697 621; x_wconf 85' lang='lat' dir='ltr'>junxerunt</span> <span class='ocrx_word' id='word_1_9' title='bbox 713 557 873 622; x_wconf 81' lang='lat' dir='ltr'>Nemesisque</span> <span class='ocrx_word' id='word_1_10' title='bbox 889 557 1005 624; x_wconf 82' lang='lat' dir='ltr'>priorque</span> 
     </span>
     <span class='ocr_line' id='line_1_3' title="bbox 359 628 857 694; baseline -0.006 -14"><span class='ocrx_word' id='word_1_11' title='bbox 359 630 449 680; x_wconf 87' lang='lat' dir='ltr'>Oscula</span> <span class='ocrx_word' id='word_1_12' title='bbox 465 644 472 678; x_wconf 91' lang='lat'>:</span> <span class='ocrx_word' id='word_1_13' title='bbox 488 645 534 678; x_wconf 90' lang='lat' dir='ltr'>nec</span> <span class='ocrx_word' id='word_1_14' title='bbox 549 628 613 679; x_wconf 86' lang='lat' dir='ltr'>solos</span> <span class='ocrx_word' id='word_1_15' title='bbox 630 629 756 678; x_wconf 63' lang='lat' dir='ltr'>destituite</span> <span class='ocrx_word' id='word_1_16' title='bbox 771 645 857 694; x_wconf 84' lang='lat' dir='ltr'>rogos.</span> 
     </span>
     <span class='ocr_line' id='line_1_4' title="bbox 279 700 896 767; baseline 0 -16"><span class='ocrx_word' id='word_1_17' title='bbox 279 719 309 765; x_wconf 83' lang='lat'>55</span> <span class='ocrx_word' id='word_1_18' title='bbox 322 704 395 752; x_wconf 88' lang='lat' dir='ltr'>Delia</span> <span class='ocrx_word' id='word_1_19' title='bbox 410 702 550 757; x_wconf 85' lang='lat' dir='ltr'>discedens,</span> <span class='ocrx_word' id='word_1_20' title='bbox 569 700 690 760; x_wconf 76' lang='lat' dir='ltr'>Feliciris,</span> <span class='ocrx_word' id='word_1_21' title='bbox 704 700 799 767; x_wconf 88' lang='lat' dir='ltr'>inquit,</span> <span class='ocrx_word' id='word_1_22' title='bbox 817 713 896 751; x_wconf 85' lang='lat' dir='ltr'>amata</span> 
     </span>
     <span class='ocr_line' id='line_1_5' title="bbox 358 772 920 840; baseline -0.004 -15"><span class='ocrx_word' id='word_1_23' title='bbox 358 776 414 825; x_wconf 87' lang='lat' dir='ltr'>Sum</span> <span class='ocrx_word' id='word_1_24' title='bbox 432 774 475 824; x_wconf 91' lang='lat' dir='ltr'>tibi</span> <span class='ocrx_word' id='word_1_25' title='bbox 491 790 497 824; x_wconf 92' lang='lat'><strong>:</strong></span> <span class='ocrx_word' id='word_1_26' title='bbox 513 773 609 833; x_wconf 83' lang='lat' dir='ltr'>vixisti,</span> <span class='ocrx_word' id='word_1_27' title='bbox 625 774 680 823; x_wconf 89' lang='lat' dir='ltr'>dum</span> <span class='ocrx_word' id='word_1_28' title='bbox 695 784 751 823; x_wconf 82' lang='lat' dir='ltr'>tuus</span> <span class='ocrx_word' id='word_1_29' title='bbox 764 772 826 840; x_wconf 81' lang='lat' dir='ltr'>ignis</span> <span class='ocrx_word' id='word_1_30' title='bbox 843 790 920 823; x_wconf 88' lang='lat' dir='ltr'>eram.</span> 
     </span>
     <span class='ocr_line' id='line_1_6' title="bbox 322 844 1029 909; baseline -0.001 -11"><span class='ocrx_word' id='word_1_31' title='bbox 322 848 369 898; x_wconf 87' lang='lat' dir='ltr'>Cui</span> <span class='ocrx_word' id='word_1_32' title='bbox 380 847 505 906; x_wconf 82' lang='lat' dir='ltr'>Nemesis,</span> <span class='ocrx_word' id='word_1_33' title='bbox 515 845 596 909; x_wconf 84' lang='lat' dir='ltr'>Quid,</span> <span class='ocrx_word' id='word_1_34' title='bbox 608 848 655 905; x_wconf 90' lang='lat' dir='ltr'>ait,</span> <span class='ocrx_word' id='word_1_35' title='bbox 667 847 711 896; x_wconf 87' lang='lat' dir='ltr'>tibi</span> <span class='ocrx_word' id='word_1_36' title='bbox 721 846 770 897; x_wconf 87' lang='lat' dir='ltr'>sint</span> <span class='ocrx_word' id='word_1_37' title='bbox 778 860 831 894; x_wconf 85' lang='lat' dir='ltr'>mea</span> <span class='ocrx_word' id='word_1_38' title='bbox 840 846 926 896; x_wconf 83' lang='lat' dir='ltr'>damna</span> <span class='ocrx_word' id='word_1_39' title='bbox 936 844 1029 897; x_wconf 72' lang='lat' dir='ltr'>dolori?</span> 
     </span>
     <span class='ocr_line' id='line_1_7' title="bbox 359 918 854 979; baseline -0.004 -9"><span class='ocrx_word' id='word_1_40' title='bbox 359 920 403 970; x_wconf 88' lang='lat' dir='ltr'>Me</span> <span class='ocrx_word' id='word_1_41' title='bbox 419 919 497 969; x_wconf 85' lang='lat' dir='ltr'>tenuit</span> <span class='ocrx_word' id='word_1_42' title='bbox 511 918 760 979; x_wconf 24' lang='lat' dir='ltr'>moriens-deficiente</span> <span class='ocrx_word' id='word_1_43' title='bbox 775 934 854 968; x_wconf 83' lang='lat' dir='ltr'>manu.</span> 
     </span>
     <span class='ocr_line' id='line_1_8' title="bbox 321 991 1007 1058; baseline -0.001 -14"><span class='ocrx_word' id='word_1_44' title='bbox 321 994 346 1044; x_wconf 87' lang='lat' dir='ltr'>Si</span> <span class='ocrx_word' id='word_1_45' title='bbox 362 1005 441 1042; x_wconf 88' lang='lat' dir='ltr'>tamen</span> <span class='ocrx_word' id='word_1_46' title='bbox 455 1008 469 1041; x_wconf 91' lang='lat' dir='ltr'>e</span> <span class='ocrx_word' id='word_1_47' title='bbox 486 992 554 1041; x_wconf 91' lang='lat' dir='ltr'>nobis</span> <span class='ocrx_word' id='word_1_48' title='bbox 571 993 680 1058; x_wconf 87' lang='lat' dir='ltr'>aliquid,</span> <span class='ocrx_word' id='word_1_49' title='bbox 696 991 742 1040; x_wconf 89' lang='lat' dir='ltr'>nisi</span> <span class='ocrx_word' id='word_1_50' title='bbox 758 1007 846 1040; x_wconf 88' lang='lat' dir='ltr'>nomen</span> <span class='ocrx_word' id='word_1_51' title='bbox 861 991 888 1042; x_wconf 74' lang='lat' dir='ltr'>bc</span> <span class='ocrx_word' id='word_1_52' title='bbox 904 994 1007 1052; x_wconf 84' lang='lat' dir='ltr'>umbra,</span> 
     </span>
     <span class='ocr_line' id='line_1_9' title="bbox 276 1063 873 1130; baseline 0.003 -18"><span class='ocrx_word' id='word_1_53' title='bbox 276 1063 311 1112; x_wconf 85' lang='lat'>60</span> <span class='ocrx_word' id='word_1_54' title='bbox 357 1064 458 1121; x_wconf 82' lang='lat' dir='ltr'>Restat3</span> <span class='ocrx_word' id='word_1_55' title='bbox 477 1064 500 1113; x_wconf 90' lang='lat' dir='ltr'>in</span> <span class='ocrx_word' id='word_1_56' title='bbox 518 1064 600 1130; x_wconf 72' lang='lat' dir='ltr'>Elysii</span> <span class='ocrx_word' id='word_1_57' title='bbox 614 1066 676 1113; x_wconf 82' lang='lat' dir='ltr'>valle</span> <span class='ocrx_word' id='word_1_58' title='bbox 684 1064 802 1117; x_wconf 84' lang='lat' dir='ltr'>,Tibullus</span> <span class='ocrx_word' id='word_1_59' title='bbox 817 1064 873 1114; x_wconf 85' lang='lat' dir='ltr'>erit.</span> 
     </span>
     <span class='ocr_line' id='line_1_10' title="bbox 321 1134 958 1201; baseline 0.002 -15"><span class='ocrx_word' id='word_1_60' title='bbox 321 1138 414 1187; x_wconf 87' lang='lat' dir='ltr'>Obvius</span> <span class='ocrx_word' id='word_1_61' title='bbox 431 1136 485 1186; x_wconf 89' lang='lat' dir='ltr'>huic</span> <span class='ocrx_word' id='word_1_62' title='bbox 502 1137 605 1193; x_wconf 86' lang='lat' dir='ltr'>venias,</span> <span class='ocrx_word' id='word_1_63' title='bbox 625 1135 717 1185; x_wconf 70' lang='lat' dir='ltr'>hederd</span> <span class='ocrx_word' id='word_1_64' title='bbox 734 1134 848 1201; x_wconf 78' lang='lat' dir='ltr'>juvenilia</span> <span class='ocrx_word' id='word_1_65' title='bbox 866 1136 958 1194; x_wconf 74' lang='lat' dir='ltr'>cinsius</span> 
     </span>
     <span class='ocr_line' id='line_1_11' title="bbox 356 1208 986 1274; baseline 0.005 -18"><span class='ocrx_word' id='word_1_66' title='bbox 356 1210 495 1274; x_wconf 85' lang='lat' dir='ltr'>Tempora,</span> <span class='ocrx_word' id='word_1_67' title='bbox 515 1224 568 1257; x_wconf 90' lang='lat' dir='ltr'>cum</span> <span class='ocrx_word' id='word_1_68' title='bbox 585 1209 682 1266; x_wconf 84' lang='lat' dir='ltr'>Calvo,</span> <span class='ocrx_word' id='word_1_69' title='bbox 700 1208 771 1258; x_wconf 67' lang='lat' dir='ltr'>dofte</span> <span class='ocrx_word' id='word_1_70' title='bbox 786 1208 900 1266; x_wconf 82' lang='lat' dir='ltr'>Catulle,</span> <span class='ocrx_word' id='word_1_71' title='bbox 918 1221 986 1266; x_wconf 51' lang='lat' dir='ltr'>tuo„</span> 
     </span>
     <span class='ocr_line' id='line_1_12' title="bbox 319 1280 1010 1347; baseline 0.003 -18"><span class='ocrx_word' id='word_1_72' title='bbox 319 1281 359 1329; x_wconf 88' lang='lat' dir='ltr'>Tu</span> <span class='ocrx_word' id='word_1_73' title='bbox 375 1297 490 1347; x_wconf 87' lang='lat' dir='ltr'>quoque,</span> <span class='ocrx_word' id='word_1_74' title='bbox 508 1280 529 1329; x_wconf 89' lang='lat' dir='ltr'>si</span> <span class='ocrx_word' id='word_1_75' title='bbox 542 1280 625 1330; x_wconf 85' lang='lat' dir='ltr'>salsum</span> <span class='ocrx_word' id='word_1_76' title='bbox 639 1280 673 1331; x_wconf 84' lang='lat' dir='ltr'>est</span> <span class='ocrx_word' id='word_1_77' title='bbox 688 1281 801 1331; x_wconf 82' lang='lat' dir='ltr'>temerari</span> <span class='ocrx_word' id='word_1_78' title='bbox 813 1280 904 1330; x_wconf 85' lang='lat' dir='ltr'>crimen</span> <span class='ocrx_word' id='word_1_79' title='bbox 916 1282 1010 1340; x_wconf 84' lang='lat' dir='ltr'>amici,</span> 
     </span>
     <span class='ocr_line' id='line_1_13' title="bbox 357 1353 956 1421; baseline -0.002 -18"><span class='ocrx_word' id='word_1_80' title='bbox 357 1353 483 1421; x_wconf 79' lang='lat' dir='ltr'>Sanguinis</span> <span class='ocrx_word' id='word_1_81' title='bbox 499 1365 571 1419; x_wconf 86' lang='lat' dir='ltr'>atque</span> <span class='ocrx_word' id='word_1_82' title='bbox 587 1354 673 1403; x_wconf 80' lang='lat' dir='ltr'>animae</span> <span class='ocrx_word' id='word_1_83' title='bbox 689 1354 790 1420; x_wconf 82' lang='lat' dir='ltr'>prodige</span> <span class='ocrx_word' id='word_1_84' title='bbox 805 1354 878 1405; x_wconf 84' lang='lat' dir='ltr'>Galle</span> <span class='ocrx_word' id='word_1_85' title='bbox 894 1367 956 1404; x_wconf 86' lang='lat' dir='ltr'>tuae.</span> 
     </span>
     <span class='ocr_line' id='line_1_14' title="bbox 257 1424 1026 1493; baseline 0.003 -19"><span class='ocrx_word' id='word_1_86' title='bbox 257 1425 272 1474; x_wconf 88' lang='lat'>6</span> <span class='ocrx_word' id='word_1_87' title='bbox 277 1425 337 1487; x_wconf 73' lang='lat' dir='ltr'>silis</span> <span class='ocrx_word' id='word_1_88' title='bbox 346 1424 887 1493; x_wconf 70' lang='lat' dir='ltr'>comesumbraturestrsiquidmoddcorporis</span> <span class='ocrx_word' id='word_1_89' title='bbox 894 1425 1026 1477; x_wconf 81' lang='lat' dir='ltr'>umbraell:</span> 
     </span>
     <span class='ocr_line' id='line_1_15' title="bbox 355 1498 889 1563; baseline -0.004 -14"><span class='ocrx_word' id='word_1_90' title='bbox 355 1498 446 1549; x_wconf 83' lang='lat' dir='ltr'>Auxisti</span> <span class='ocrx_word' id='word_1_91' title='bbox 460 1515 593 1557; x_wconf 88' lang='lat' dir='ltr'>numeros,</span> <span class='ocrx_word' id='word_1_92' title='bbox 611 1502 676 1549; x_wconf 89' lang='lat' dir='ltr'>culte</span> <span class='ocrx_word' id='word_1_93' title='bbox 691 1499 808 1558; x_wconf 90' lang='lat' dir='ltr'>Tibulle,</span> <span class='ocrx_word' id='word_1_94' title='bbox 825 1498 889 1563; x_wconf 86' lang='lat' dir='ltr'>pios.</span> 
     </span>
     <span class='ocr_line' id='line_1_16' title="bbox 319 1570 972 1637; baseline 0.002 -15"><span class='ocrx_word' id='word_1_95' title='bbox 319 1572 376 1623; x_wconf 82' lang='lat' dir='ltr'>Ossa</span> <span class='ocrx_word' id='word_1_96' title='bbox 391 1571 489 1637; x_wconf 81' lang='lat' dir='ltr'>quieta,</span> <span class='ocrx_word' id='word_1_97' title='bbox 506 1588 611 1637; x_wconf 86' lang='lat' dir='ltr'>precor,</span> <span class='ocrx_word' id='word_1_98' title='bbox 626 1570 678 1621; x_wconf 69' lang='lat' dir='ltr'>tuti</span> <span class='ocrx_word' id='word_1_99' title='bbox 693 1570 835 1636; x_wconf 87' lang='lat' dir='ltr'>requiescite</span> <span class='ocrx_word' id='word_1_100' title='bbox 850 1571 875 1619; x_wconf 93' lang='lat' dir='ltr'>in</span> <span class='ocrx_word' id='word_1_101' title='bbox 890 1588 972 1623; x_wconf 83' lang='lat' dir='ltr'>urna:</span> 
     </span>
     <span class='ocr_line' id='line_1_17' title="bbox 354 1644 872 1695; baseline -0.004 -1"><span class='ocrx_word' id='word_1_102' title='bbox 354 1644 386 1694; x_wconf 86' lang='lat' dir='ltr'>Et</span> <span class='ocrx_word' id='word_1_103' title='bbox 399 1645 431 1694; x_wconf 90' lang='lat' dir='ltr'>sit</span> <span class='ocrx_word' id='word_1_104' title='bbox 444 1644 530 1694; x_wconf 84' lang='lat' dir='ltr'>humus</span> <span class='ocrx_word' id='word_1_105' title='bbox 546 1646 621 1695; x_wconf 88' lang='lat' dir='ltr'>cineri</span> <span class='ocrx_word' id='word_1_106' title='bbox 637 1661 687 1695; x_wconf 88' lang='lat' dir='ltr'>non</span> <span class='ocrx_word' id='word_1_107' title='bbox 703 1644 802 1695; x_wconf 83' lang='lat' dir='ltr'>onerosa</span> <span class='ocrx_word' id='word_1_108' title='bbox 818 1656 872 1693; x_wconf 85' lang='lat' dir='ltr'>tuo.</span> 
     </span>
    </p>
   </div>
   <div class='ocr_carea' id='block_1_3' title="bbox 346 1747 993 1933">
    <p class='ocr_par' dir='ltr' id='par_1_3' title="bbox 346 1747 993 1933">
     <span class='ocr_line' id='line_1_18' title="bbox 346 1747 993 1823; baseline -0.005 -10"><span class='ocrx_word' id='word_1_109' title='bbox 346 1747 993 1823; x_wconf 41' lang='grc' dir='ltr'>«πεινῇ-..επὶ</span> 
     </span>
     <span class='ocr_line' id='line_1_19' title="bbox 497 1867 838 1933; baseline -0.012 0"><span class='ocrx_word' id='word_1_110' title='bbox 497 1869 749 1933; x_wconf 81' lang='lat' dir='ltr'><strong>ELEGIA</strong></span> <span class='ocrx_word' id='word_1_111' title='bbox 799 1867 838 1930; x_wconf 86' lang='lat' dir='ltr'>X.</span> 
     </span>
    </p>
   </div>
   <div class='ocr_carea' id='block_1_4' title="bbox 271 1962 1019 3187">
    <p class='ocr_par' dir='ltr' id='par_1_4' title="bbox 271 1962 1019 3187">
     <span class='ocr_line' id='line_1_20' title="bbox 318 1962 949 2093; baseline 0 -14"><span class='ocrx_word' id='word_1_112' title='bbox 318 1962 468 2080; x_wconf 54' lang='lat' dir='ltr'>Annua</span> <span class='ocrx_word' id='word_1_113' title='bbox 484 2037 602 2079; x_wconf 82' lang='lat' dir='ltr'>venerunt</span> <span class='ocrx_word' id='word_1_114' title='bbox 619 2026 728 2079; x_wconf 86' lang='lat' dir='ltr'>Cerealis</span> <span class='ocrx_word' id='word_1_115' title='bbox 744 2039 854 2093; x_wconf 84' lang='lat' dir='ltr'>tempora</span> <span class='ocrx_word' id='word_1_116' title='bbox 870 2024 931 2078; x_wconf 89' lang='lat' dir='ltr'>sacri</span> <span class='ocrx_word' id='word_1_117' title='bbox 940 2042 949 2080; x_wconf 70' lang='grc' dir='ltr'><em>ε</em></span> 
     </span>
     <span class='ocr_line' id='line_1_21' title="bbox 352 2101 832 2167; baseline 0 -17"><span class='ocrx_word' id='word_1_118' title='bbox 352 2102 456 2153; x_wconf 85' lang='lat' dir='ltr'>Secubat</span> <span class='ocrx_word' id='word_1_119' title='bbox 471 2102 496 2152; x_wconf 90' lang='lat' dir='ltr'>in</span> <span class='ocrx_word' id='word_1_120' title='bbox 511 2118 589 2151; x_wconf 85' lang='lat' dir='ltr'>vacuo</span> <span class='ocrx_word' id='word_1_121' title='bbox 606 2101 653 2151; x_wconf 85' lang='lat' dir='ltr'>sola</span> <span class='ocrx_word' id='word_1_122' title='bbox 671 2103 751 2167; x_wconf 87' lang='lat' dir='ltr'>puelia</span> <span class='ocrx_word' id='word_1_123' title='bbox 766 2114 832 2151; x_wconf 92' lang='lat' dir='ltr'>toro.</span> 
     </span>
     <span class='ocr_line' id='line_1_22' title="bbox 315 2172 948 2240; baseline 0.003 -20"><span class='ocrx_word' id='word_1_124' title='bbox 315 2172 387 2223; x_wconf 83' lang='lat' dir='ltr'>Flava</span> <span class='ocrx_word' id='word_1_125' title='bbox 403 2176 498 2233; x_wconf 89' lang='lat' dir='ltr'>Ceres,</span> <span class='ocrx_word' id='word_1_126' title='bbox 514 2187 602 2227; x_wconf 87' lang='lat' dir='ltr'>tenues</span> <span class='ocrx_word' id='word_1_127' title='bbox 618 2174 686 2240; x_wconf 87' lang='lat' dir='ltr'>spicis</span> <span class='ocrx_word' id='word_1_128' title='bbox 703 2174 813 2225; x_wconf 88' lang='lat' dir='ltr'>redimita</span> <span class='ocrx_word' id='word_1_129' title='bbox 829 2172 948 2238; x_wconf 85' lang='lat' dir='ltr'>capillos,</span> 
     </span>
     <span class='ocr_line' id='line_1_23' title="bbox 352 2240 920 2299; baseline -0.002 -4"><span class='ocrx_word' id='word_1_130' title='bbox 352 2243 403 2296; x_wconf 85' lang='lat' dir='ltr'>Cur&#39;</span> <span class='ocrx_word' id='word_1_131' title='bbox 416 2249 510 2299; x_wconf 84' lang='lat' dir='ltr'>inhibes</span> <span class='ocrx_word' id='word_1_132' title='bbox 526 2240 597 2298; x_wconf 73' lang='lat' dir='ltr'>sacris</span> <span class='ocrx_word' id='word_1_133' title='bbox 616 2248 741 2298; x_wconf 80' lang='lat' dir='ltr'>commoda</span> <span class='ocrx_word' id='word_1_134' title='bbox 756 2246 832 2296; x_wconf 84' lang='lat' dir='ltr'>nostra</span> <span class='ocrx_word' id='word_1_135' title='bbox 848 2244 920 2295; x_wconf 75' lang='lat' dir='ltr'>ruis?</span> 
     </span>
     <span class='ocr_line' id='line_1_24' title="bbox 291 2318 1019 2386; baseline 0 -20"><span class='ocrx_word' id='word_1_136' title='bbox 291 2332 303 2377; x_wconf 85' lang='lat'><em>5</em></span> <span class='ocrx_word' id='word_1_137' title='bbox 315 2318 371 2376; x_wconf 87' lang='lat' dir='ltr'>Te,</span> <span class='ocrx_word' id='word_1_138' title='bbox 387 2320 457 2378; x_wconf 86' lang='lat' dir='ltr'>Dea,</span> <span class='ocrx_word' id='word_1_139' title='bbox 475 2320 610 2370; x_wconf 84' lang='lat' dir='ltr'>mrmificam</span> <span class='ocrx_word' id='word_1_140' title='bbox 622 2333 708 2386; x_wconf 85' lang='lat' dir='ltr'>gentes</span> <span class='ocrx_word' id='word_1_141' title='bbox 717 2319 861 2383; x_wconf 82' lang='lat' dir='ltr'>ubicumque</span> <span class='ocrx_word' id='word_1_142' title='bbox 872 2319 1019 2383; x_wconf 89' lang='lat' dir='ltr'>loquuntur:</span> 
     </span>
     <span class='ocr_line' id='line_1_25' title="bbox 351 2391 882 2442; baseline -0.004 -2"><span class='ocrx_word' id='word_1_143' title='bbox 351 2392 404 2441; x_wconf 88' lang='lat' dir='ltr'>Nec</span> <span class='ocrx_word' id='word_1_144' title='bbox 421 2391 496 2442; x_wconf 86' lang='lat' dir='ltr'>mimis</span> <span class='ocrx_word' id='word_1_145' title='bbox 511 2392 619 2441; x_wconf 84' lang='lat' dir='ltr'>humanis</span> <span class='ocrx_word' id='word_1_146' title='bbox 635 2393 728 2441; x_wconf 91' lang='lat' dir='ltr'>invidet</span> <span class='ocrx_word' id='word_1_147' title='bbox 742 2394 791 2441; x_wconf 87' lang='lat' dir='ltr'>ulla</span> <span class='ocrx_word' id='word_1_148' title='bbox 805 2391 882 2440; x_wconf 84' lang='lat' dir='ltr'>bonis.</span> 
     </span>
     <span class='ocr_line' id='line_1_26' title="bbox 313 2463 872 2515; baseline 0.004 -4"><span class='ocrx_word' id='word_1_149' title='bbox 313 2463 378 2511; x_wconf 79' lang='lat' dir='ltr'>Ante</span> <span class='ocrx_word' id='word_1_150' title='bbox 394 2481 438 2513; x_wconf 88' lang='lat' dir='ltr'>nec</span> <span class='ocrx_word' id='word_1_151' title='bbox 454 2465 537 2514; x_wconf 86' lang='lat' dir='ltr'>hirsuti</span> <span class='ocrx_word' id='word_1_152' title='bbox 552 2466 678 2515; x_wconf 88' lang='lat' dir='ltr'>torrebant</span> <span class='ocrx_word' id='word_1_153' title='bbox 694 2466 756 2515; x_wconf 87' lang='lat' dir='ltr'>farra</span> <span class='ocrx_word' id='word_1_154' title='bbox 772 2464 872 2514; x_wconf 87' lang='lat' dir='ltr'>coloni:</span> 
     </span>
     <span class='ocr_line' id='line_1_27' title="bbox 350 2536 842 2587; baseline 0.004 -4"><span class='ocrx_word' id='word_1_155' title='bbox 350 2536 402 2584; x_wconf 93' lang='lat' dir='ltr'>Nec</span> <span class='ocrx_word' id='word_1_156' title='bbox 418 2549 501 2586; x_wconf 90' lang='lat' dir='ltr'>notum</span> <span class='ocrx_word' id='word_1_157' title='bbox 518 2538 589 2586; x_wconf 86' lang='lat' dir='ltr'>terris</span> <span class='ocrx_word' id='word_1_158' title='bbox 605 2553 660 2586; x_wconf 88' lang='lat' dir='ltr'>area</span> <span class='ocrx_word' id='word_1_159' title='bbox 675 2554 764 2587; x_wconf 93' lang='lat' dir='ltr'>nomen</span> <span class='ocrx_word' id='word_1_160' title='bbox 780 2548 842 2586; x_wconf 89' lang='lat' dir='ltr'>erat.</span> 
     </span>
     <span class='ocr_line' id='line_1_28' title="bbox 312 2607 982 2676; baseline 0.004 -20"><span class='ocrx_word' id='word_1_161' title='bbox 312 2607 359 2657; x_wconf 80' lang='lat' dir='ltr'>Sed</span> <span class='ocrx_word' id='word_1_162' title='bbox 375 2610 483 2675; x_wconf 83' lang='lat' dir='ltr'>glandem</span> <span class='ocrx_word' id='word_1_163' title='bbox 498 2626 619 2674; x_wconf 88' lang='lat' dir='ltr'>quercus,</span> <span class='ocrx_word' id='word_1_164' title='bbox 638 2613 736 2660; x_wconf 85' lang='lat' dir='ltr'>oracula</span> <span class='ocrx_word' id='word_1_165' title='bbox 752 2610 844 2676; x_wconf 83' lang='lat' dir='ltr'>prima,</span> <span class='ocrx_word' id='word_1_166' title='bbox 860 2608 982 2660; x_wconf 84' lang='lat' dir='ltr'>serebant.</span> 
     </span>
     <span class='ocr_line' id='line_1_29' title="bbox 271 2680 954 2749; baseline 0.004 -22"><span class='ocrx_word' id='word_1_167' title='bbox 271 2693 301 2728; x_wconf 88' lang='lat'>10</span> <span class='ocrx_word' id='word_1_168' title='bbox 349 2680 407 2731; x_wconf 87' lang='lat' dir='ltr'>Haec</span> <span class='ocrx_word' id='word_1_169' title='bbox 425 2694 495 2742; x_wconf 82' lang='lat' dir='ltr'>erat,</span> <span class='ocrx_word' id='word_1_170' title='bbox 518 2683 636 2734; x_wconf 88' lang='lat' dir='ltr'>&amp;teneri</span> <span class='ocrx_word' id='word_1_171' title='bbox 654 2683 748 2749; x_wconf 90' lang='lat' dir='ltr'>cespitis</span> <span class='ocrx_word' id='word_1_172' title='bbox 765 2682 857 2739; x_wconf 83' lang='lat' dir='ltr'>herba,</span> <span class='ocrx_word' id='word_1_173' title='bbox 876 2682 954 2731; x_wconf 89' lang='lat' dir='ltr'>cibus.</span> 
     </span>
     <span class='ocr_line' id='line_1_30' title="bbox 312 2750 973 2824; baseline -0.011 -20"><span class='ocrx_word' id='word_1_174' title='bbox 312 2753 390 2805; x_wconf 85' lang='lat' dir='ltr'>Prima</span> <span class='ocrx_word' id='word_1_175' title='bbox 407 2756 482 2807; x_wconf 88' lang='lat' dir='ltr'>Ceres</span> <span class='ocrx_word' id='word_1_176' title='bbox 499 2758 581 2807; x_wconf 90' lang='lat' dir='ltr'>docuit</span> <span class='ocrx_word' id='word_1_177' title='bbox 597 2757 736 2824; x_wconf 81' lang='lat' dir='ltr'>turgescere</span> <span class='ocrx_word' id='word_1_178' title='bbox 752 2756 833 2805; x_wconf 89' lang='lat' dir='ltr'>semen</span> <span class='ocrx_word' id='word_1_179' title='bbox 848 2753 872 2802; x_wconf 92' lang='lat' dir='ltr'>in</span> <span class='ocrx_word' id='word_1_180' title='bbox 889 2750 973 2819; x_wconf 68' lang='lat' dir='ltr'>agrisr</span> 
     </span>
     <span class='ocr_line' id='line_1_31' title="bbox 346 2823 884 2895; baseline -0.007 -16"><span class='ocrx_word' id='word_1_181' title='bbox 346 2829 418 2880; x_wconf 73' lang='lat' dir='ltr'>Falce</span> <span class='ocrx_word' id='word_1_182' title='bbox 435 2832 554 2881; x_wconf 85' lang='lat' dir='ltr'>coloratas</span> <span class='ocrx_word' id='word_1_183' title='bbox 570 2829 736 2895; x_wconf 85' lang='lat' dir='ltr'>subsecuitque</span> <span class='ocrx_word' id='word_1_184' title='bbox 754 2844 845 2877; x_wconf 83' lang='lat' dir='ltr'>comas.</span> <span class='ocrx_word' id='word_1_185' title='bbox 881 2823 884 2827; x_wconf 49' lang='lat'><strong><em>⁴</em></strong></span> 
     </span>
     <span class='ocr_line' id='line_1_32' title="bbox 311 2896 897 2971; baseline -0.007 -21"><span class='ocrx_word' id='word_1_186' title='bbox 311 2900 387 2953; x_wconf 89' lang='lat' dir='ltr'>Prima</span> <span class='ocrx_word' id='word_1_187' title='bbox 401 2904 459 2971; x_wconf 82' lang='lat' dir='ltr'>jugo</span> <span class='ocrx_word' id='word_1_188' title='bbox 473 2914 555 2953; x_wconf 85' lang='lat' dir='ltr'>tauros</span> <span class='ocrx_word' id='word_1_189' title='bbox 573 2904 707 2969; x_wconf 89' lang='lat' dir='ltr'>supponere</span> <span class='ocrx_word' id='word_1_190' title='bbox 722 2902 785 2951; x_wconf 88' lang='lat' dir='ltr'>colla</span> <span class='ocrx_word' id='word_1_191' title='bbox 798 2896 897 2965; x_wconf 81' lang='lat' dir='ltr'>‘coe&#39;git3</span> 
     </span>
     <span class='ocr_line' id='line_1_33' title="bbox 346 2973 917 3026; baseline -0.016 -1"><span class='ocrx_word' id='word_1_192' title='bbox 346 2977 378 3025; x_wconf 90' lang='lat' dir='ltr'>Et</span> <span class='ocrx_word' id='word_1_193' title='bbox 392 2988 500 3026; x_wconf 84' lang='lat' dir='ltr'>veterem</span> <span class='ocrx_word' id='word_1_194' title='bbox 517 2992 592 3025; x_wconf 87' lang='lat' dir='ltr'>curvo</span> <span class='ocrx_word' id='word_1_195' title='bbox 609 2976 682 3024; x_wconf 88' lang='lat' dir='ltr'>dente</span> <span class='ocrx_word' id='word_1_196' title='bbox 698 2973 795 3025; x_wconf 88' lang='lat' dir='ltr'>revellit</span> <span class='ocrx_word' id='word_1_197' title='bbox 809 2974 917 3020; x_wconf 82' lang='lat' dir='ltr'>humum.</span> 
     </span>
     <span class='ocr_line' id='line_1_34' title="bbox 271 3040 991 3114; baseline -0.004 -20"><span class='ocrx_word' id='word_1_198' title='bbox 271 3058 298 3106; x_wconf 83' lang='lat'>15</span> <span class='ocrx_word' id='word_1_199' title='bbox 311 3046 380 3096; x_wconf 84' lang='lat' dir='ltr'>Hanc</span> <span class='ocrx_word' id='word_1_200' title='bbox 398 3049 519 3114; x_wconf 85' lang='lat' dir='ltr'>quisquam</span> <span class='ocrx_word' id='word_1_201' title='bbox 536 3048 647 3113; x_wconf 86' lang='lat' dir='ltr'>lacrymis</span> <span class='ocrx_word' id='word_1_202' title='bbox 663 3048 737 3095; x_wconf 83' lang='lat' dir='ltr'>laetari</span> <span class='ocrx_word' id='word_1_203' title='bbox 754 3045 830 3096; x_wconf 87' lang='lat' dir='ltr'>credit</span> <span class='ocrx_word' id='word_1_204' title='bbox 847 3040 991 3092; x_wconf 80' lang='lat' dir='ltr'>amantum?</span> 
     </span>
     <span class='ocr_line' id='line_1_35' title="bbox 345 3114 855 3187; baseline -0.008 -18"><span class='ocrx_word' id='word_1_205' title='bbox 345 3120 376 3171; x_wconf 86' lang='lat' dir='ltr'>Et</span> <span class='ocrx_word' id='word_1_206' title='bbox 392 3122 455 3169; x_wconf 86' lang='lat' dir='ltr'>bene</span> <span class='ocrx_word' id='word_1_207' title='bbox 471 3120 597 3171; x_wconf 85' lang='lat' dir='ltr'>tormentis</span> <span class='ocrx_word' id='word_1_208' title='bbox 612 3120 768 3187; x_wconf 85' lang='lat' dir='ltr'>secubituque</span> <span class='ocrx_word' id='word_1_209' title='bbox 785 3114 855 3169; x_wconf 80' lang='lat' dir='ltr'>coli?</span> 
     </span>
    </p>
   </div>
   <div class='ocr_carea' id='block_1_5' title="bbox 0 0 1200 3892">
    <p class='ocr_par' dir='ltr' id='par_1_5' title="bbox 0 0 1200 3892">
     <span class='ocr_line' id='line_1_36' title="bbox 0 0 1200 3892; baseline 0 0"><span class='ocrx_word' id='word_1_210' title='bbox 0 0 1200 3892; x_wconf 95' lang='lat' dir='ltr'> </span> 
     </span>
    </p>
   </div>
  </div>
 </body>
</html>
