2392 3892
322 412 396 489 154
445 391 653 462 Othlr
681 396 928 464 Auonuru

447 668 701 733 ELEGIA
747 668 895 733 VIII.

319 766 507 880 Portemus
526 828 551 879 in
567 829 633 879 mille
648 828 735 879 modos
753 826 858 893 perfetta
875 827 951 893 capill:

355 901 461 953 Contere
478 902 519 953 sed
536 903 596 952 solas
616 902 705 969 digna,
726 901 847 968 Cypassi,
864 900 950 959 Deas;

319 975 351 1025 Et
367 976 423 1025 mihi
436 974 543 1042 jucundo
561 991 612 1023 non
625 974 709 1025 rustica
725 974 824 1041 cognita
840 974 927 1031 furto;

355 1048 420 1113 Apta
438 1048 534 1114 quidem
550 1047 671 1105 dominae,
689 1048 730 1097 sed
745 1047 818 1113 magis
836 1058 891 1111 apta
909 1045 951 1094 mil

296 1119 381 1186 5Quis
396 1120 442 1170 fuit
455 1121 518 1170 inter
532 1137 577 1169 nos
594 1120 678 1170 sociati
692 1121 800 1185 corporis
815 1118 914 1168 index?

354 1193 435 1243 Sensit
450 1195 592 1244 concubitus
609 1192 673 1242 unde
688 1192 794 1243 Corinna
808 1203 865 1241 tuos
878 1189 889 1240 i

317 1266 381 1315 Num
395 1277 477 1317 tamen
494 1264 603 1317 erubui?
620 1283 695 1325 nuru,
712 1267 789 1317 verbo
802 1264 879 1330 lapsus
894 1263 919 1313 in
935 1282 951 1313 u

354 1340 458 1390 Furtivae
473 1340 579 1392 Veneris
597 1340 692 1388 concha
707 1340 774 1406 signa
790 1335 867 1388 dedi?

318 1410 407 1474 Quid?
425 1413 490 1479 quod
506 1414 531 1462 in
545 1411 631 1462 ancilla
645 1413 667 1461 si
680 1412 733 1477 quis
751 1412 892 1475 delinquere
909 1413 951 1475 pol

276 1503 308 1537 to
353 1485 423 1534 lllunr
440 1502 487 1553 ego
504 1485 621 1536 contendi
635 1496 716 1542 mente
733 1500 816 1533 carere
834 1481 922 1532 bona?

317 1558 441 1607 Thessalus
457 1560 550 1609 ancillae
564 1558 627 1608 facie
642 1557 766 1609 Briseidos
780 1556 856 1606 arsit:

353 1630 428 1680 Serva
444 1629 697 1697 Mycenae-Phoebas
713 1641 790 1679 amata
805 1629 871 1678 duci.

316 1702 375 1751 Non
387 1718 435 1769 ego
449 1704 578 1753 Tantalide
592 1701 689 1769 major,
710 1719 756 1752 nec
771 1702 848 1766 major
863 1702 951 1752 Achilli

351 1773 427 1837 Quod
441 1776 524 1831 decuit
539 1792 631 1841 reges,
649 1792 692 1825 cur
708 1776 766 1824 milri
780 1786 851 1840 turpe
867 1788 951 1840 putem

273 1864 284 1899 ι
291 1866 303 1913 5
312 1847 350 1897 >Ut
363 1857 446 1894 ,tamen
460 1847 543 1909 iratos,
550 1848 577 1894 in
591 1857 617 1895 te
634 1845 717 1895 defixit
733 1848 825 1896 ocellos
837 1863 849 1903 ς

349 1916 409 1968 Vidi
421 1929 447 1967 te
462 1918 521 1968 totis
536 1918 654 1968 erubuisse
670 1918 747 1985 genis.

313 1989 347 2041 At
361 2001 469 2056 quanto,
486 1991 506 2041 si
523 1990 589 2042 forte
603 1991 701 2051 refers,
717 1991 859 2057 prasentior
874 1991 926 2058 ipse

349 2062 397 2114 Per
410 2065 516 2117 Veneris
530 2066 579 2115 feci
595 2065 691 2114 numina
704 2083 789 2134 inagna
804 2064 896 2116 fidem!

313 2137 353 2187 Tu
367 2138 443 2196 Dea,
461 2150 488 2189 tu
501 2138 586 2205 jubeas
602 2138 673 2189 animi
686 2137 792 2206 perjuria
806 2141 859 2205 puri

270 2229 305 2262 20
351 2210 505 2277 Carpathium
522 2213 618 2278 tepidos
634 2230 679 2279 per
696 2229 762 2262 rnare
777 2212 841 2262 ferre
856 2214 948 2262 Notos.

312 2284 361 2348 Pro
376 2286 461 2349 quibus
477 2283 578 2345 officiis,
597 2286 702 2352 pretium
716 2285 772 2334 mihi
786 2286 875 2341 dulce,
893 2302 951 2350 repe

348 2355 499 2407 Concubitus
516 2360 607 2417 hodie,
621 2358 688 2407 fusca
703 2356 829 2425 Cypassi,
842 2369 908 2406 tuos.

311 2427 378 2491 Quid
395 2429 499 2479 renuit?
515 2430 632 2498 fingisque
648 2444 746 2487 novos,
760 2430 877 2496 ingrata,
896 2432 951 2481 tint<

346 2501 428 2551 Unum
444 2502 477 2552 est
493 2520 508 2552 e
523 2503 624 2553 dominis
637 2500 761 2552 emeruisse
777 2501 845 2552 latis.

267 2590 299 2638 25
312 2574 388 2638 Quod
402 2575 423 2624 si
438 2574 506 2625 stulta
521 2593 612 2643 negas,
627 2575 701 2625 index
715 2576 823 2625 anteacta
838 2575 934 2627 fatebor
946 2596 951 2637 ς

345 2647 376 2697 Et
392 2650 486 2698 veniam
501 2651 577 2714 culpae
594 2648 705 2713 proditor
720 2648 770 2714 ipse
786 2666 858 2700 meae.

309 2720 416 2784 Quoque
430 2723 487 2771 loco
500 2735 582 2773 tecurn
595 2721 702 2781 fuerim,
717 2723 880 2789 quotiesque,
895 2722 950 2790 Cyp

307 2812 309 2815 ’
344 2794 457 2846 Narrabo
470 2796 593 2855 dominae,
612 2808 720 2864 quotque
735 2796 865 2863 quibusque
881 2792 951 2870 incidi

552 2957 713 3067 W
