2392 3892
259 444 330 538 178
383 443 594 513 omnir
619 442 873 512 Aaronom

256 564 388 615 Candidior
405 563 518 620 nivibus,
534 573 592 611 tunc
609 557 662 609 caint
679 561 794 620 cecidere
811 578 943 625 recentest

293 638 321 686 ln
336 636 436 702 liquidas
451 636 558 685 nondum
575 649 633 699 quas
650 650 717 684 mora
731 637 808 685 vertit
822 653 906 704 aquas.

257 710 409 767 Candidior,
425 709 491 774 quod
504 706 582 756 adhuc
596 705 681 771 spumis
697 706 849 760 stridentibus
864 713 949 770 albet,

294 783 326 833 Et
342 781 416 831 modo
432 780 546 831 siccatam
556 778 662 846 plaste,
679 779 777 846 reliquit
793 798 877 833 ovem.

216 869 227 907 t
234 869 245 920 5
258 855 354 907 Taurus
369 866 422 904 erat
437 869 521 903 comes
534 852 613 910 huic,
631 851 726 903 felicior
741 854 783 904 itu
798 856 899 907 maritus
912 872 921 908 t

296 927 406 994 Cumque
422 926 462 976 sua
478 938 586 976 teneram
601 923 706 993 conjuge
720 926 809 991 pressit
822 924 929 979 butrium.

258 997 325 1052 Diam
339 1000 424 1067 jacet,
444 998 471 1049 δι
484 1000 550 1049 lente
565 1011 694 1050 revocatas
706 1000 810 1050 ruminat
825 1002 932 1061 herbas,

295 1074 377 1140 Atque
393 1073 480 1122 iterum
495 1070 563 1138 palio
577 1070 683 1137 pascitur
696 1083 754 1121 ante
770 1072 847 1132 cibo;

258 1146 332 1198 Visus
350 1157 421 1203 erat,
438 1145 522 1194 somno
534 1144 599 1193 riter
613 1143 753 1203 adimente,
770 1146 861 1218 ferenti

216 1234 251 1269 20
297 1216 458 1285 Cornigerum
474 1229 546 1267 terrra
563 1214 694 1281 depoiuiffe
711 1230 793 1282 caput.

260 1290 316 1341 Huc
330 1291 423 1342 levibus
440 1290 526 1341 cornix
540 1289 626 1355 pennis
641 1288 736 1356 delapsa
752 1305 795 1357 per
808 1308 883 1344 aurae

295 1364 373 1417 Venit
385 1380 395 1422 ς
415 1364 442 1415 ἃ
456 1363 481 1412 ὶιι
497 1362 567 1413 viridi
582 1364 678 1429 garrula
691 1362 753 1412 sedit
767 1364 852 1414 burno.

259 1436 360 1504 Terque
376 1438 446 1487 bovis
461 1437 538 1486 nivea
554 1435 673 1503 petulanti
686 1435 784 1500 peiiora
800 1436 881 1490 rostro

295 1509 388 1569 Fodit3
409 1510 436 1561 δι
451 1510 561 1573 albentet
574 1507 668 1557 abibalit
684 1524 728 1558 ore
743 1508 824 1574 jubat.

217 1596 249 1645 25
261 1583 305 1634 illa
320 1584 401 1633 locum
417 1594 559 1648 taurumque
575 1581 619 1631 diu
636 1580 746 1631 conflata
760 1581 882 1648 reliquit:

297 1656 347 1706 Sed
365 1656 433 1722 niger
447 1656 473 1706 in
486 1670 568 1705 vacooe
581 1654 681 1720 pastore
695 1655 759 1704 livor
775 1667 838 1706 erat.

263 1729 349 1796 thue
362 1729 449 1795 procul
464 1728 525 1778 vidit
542 1740 670 1793 carpentes
686 1729 774 1792 pabula
788 1740 895 1787 aurosa

298 1802 309 1864 (
321 1800 459 1867 Carpebant
474 1800 536 1851 tauri
552 1801 639 1863 pabula
656 1801 711 1849 laeta
724 1803 812 1865 procul
823 1817 831 1850 a
844 1802 857 1867 )

261 1874 323 1923 illuc
339 1874 363 1923 se
377 1875 475 1938 rapuit,
490 1873 650 1939 gregibusque
665 1872 790 1921 immiscuit
804 1874 878 1933 illis·

217 1961 250 2011 30
296 1944 327 1993 Et
343 1945 413 2010 petiit
428 1945 509 1993 herbae
525 1944 649 1994 fertilioris
664 1944 770 1995 hurnurn.

260 2017 309 2068 Dic
317 2033 397 2085 ,age,
409 2016 545 2073 unitum,
557 2017 754 2090 quicumqueee,
765 2017 970 2087 imaginieangar,

298 2086 348 2155 (si
364 2090 421 2157 quid
437 2091 526 2141 babent
539 2090 613 2149 ueri,
628 2091 639 2157 )
655 2089 704 2139 visa
720 2082 776 2157 quid
793 2091 834 2141 ista
851 2093 939 2144 ferant

261 2163 301 2215 Sic
318 2172 384 2231 ego,
402 2160 562 2215 noilutnae'
543 2181 578 2215 sac
597 2164 677 2213 dixit
670 2165 779 2231 imaginis
793 2182 901 2233 angar,

297 2236 442 2304 Expendens
457 2238 537 2289 animo
551 2238 647 2305 singula
661 2236 709 2286 vila
727 2236 790 2287 suo:

220 2323 234 2374 3
240 2325 251 2373 5
264 2308 345 2373 Quem
361 2323 388 2361 tu
405 2312 531 2361 mobilibus
545 2311 610 2361 foliis
625 2312 702 2359 vitare
718 2312 838 2366 volebas,

298 2383 347 2432 Sed
362 2386 423 2433 male
439 2385 551 2440 vitabas,
568 2382 635 2432 aestus
652 2381 737 2431 amoris
754 2394 814 2429 erat

261 2455 346 2507 Vacca
360 2458 440 2520 puella
455 2468 496 2504 tua
512 2455 571 2504 est:
586 2467 656 2519 aptus
672 2455 741 2502 color
757 2454 798 2503 ille
813 2456 925 2519 puellaet

297 2526 377 2575 Tu'
353 2543 411 2584 var,
431 2526 480 2576 &'
473 2544 498 2575 ιιι
514 2542 589 2574 vacca
607 2541 720 2591 compare
734 2538 815 2575 taurus
834 2544 899 2580 eras.
927 2513 960 2533 '

261 2596 362 2649 Peiiora
377 2559 443 2665 qaiod
458 2597 534 2649 roiiro
552 2599 637 2648 cornix
651 2598 759 2649 fodiebat
773 2613 869 2660 acuto,

216 2687 251 2733 40
297 2673 422 2739 ingenium
439 2673 539 2722 dominae
557 2674 612 2722 lena
628 2672 737 2721 movebit
753 2690 822 2723 anus

262 2745 337 2810 Quod
353 2747 462 2797 cunliata
477 2747 518 2797 diu
532 2759 627 2797 taurum
644 2746 684 2795 sua
700 2763 775 2796 vacca
791 2746 909 2813 reliquit;

298 2819 410 2885 Frigidus
423 2822 449 2871 in
463 2821 541 2872 viduo
557 2819 686 2871 destituite
702 2833 771 2870 toro.

263 2891 360 2951 Livor,
377 2894 403 2944 δι
421 2895 523 2945 adverso
538 2895 694 2945 maculaeiub
710 2893 811 2959 petione
825 2891 923 2961 nigre,

298 2926 383 3016 Potin
398 2968 511 3019 adulterii
526 2969 579 3017 labe
596 2983 679 3017 carere
697 2977 795 3032 negant.

217 3050 249 3098 45
262 3035 389 3087 Dixerat
382 3052 524 3106 interpres:
540 3042 622 3108 gelido
638 3039 694 3087 mibi
709 3037 787 3085 sanv‘
748 3054 800 3104 guas
818 3038 848 3086 ab
868 3055 915 3090 ore

298 3106 390 3176 fugit.
407 3112 433 3164 ὃι
448 3125 503 3165 ante
520 3115 605 3165 oculos
621 3119 669 3163 uox
685 3109 748 3161 stetit
762 3112 811 3162 alta
827 3128 907 3168 meos.
