2392 3892
275 423 333 496 nr
361 424 480 495 Amr
505 420 700 493 AMAnnr
724 422 764 493 L.
789 424 821 495 Ι.
847 446 924 518 209

214 545 318 613 Quique
329 545 369 595 die
381 542 485 593 redeunt
497 577 504 601 ‚
522 543 594 592 rebus
606 541 681 592 mimis
692 555 748 608 apta
759 544 889 612 gerendis,
932 560 985 610 415

252 618 324 669 Culta
341 615 466 667 Palaellino
483 616 582 681 septima
598 615 655 665 fella
673 617 747 682 Syro.

216 692 305 761 Magna
319 689 454 756 superstitio
469 689 512 739 tibi
528 689 560 737 sit
575 689 660 739 natalis
677 690 779 741 amica:

253 764 356 830 Quique
373 762 463 827 aliquid
478 762 580 811 dandum
597 762 649 821 est,
666 764 707 812 illa
722 764 754 813 sit
768 775 820 813 atra
835 764 895 817 dies.

219 835 276 888 Crim
291 839 355 887 bene
371 833 473 892 vitatis,
493 847 575 883 tamen
591 837 685 885 auferet
702 852 709 886 t
724 837 817 887 invenit
830 852 906 889 artem

169 933 172 938 ·
252 911 368 967 Femina,
386 907 433 973 qui
446 907 527 972 cupidi
543 921 626 973 carpat
640 910 740 959 amantis
754 927 824 976 opes.
934 927 987 973 420

219 983 311 1035 Institor
324 982 355 1031 ad
371 981 491 1030 dominam
507 981 591 1030 veniet
606 982 730 1033 discindus
746 999 874 1036 emacemt

252 1055 373 1121 Expediet
388 1069 483 1103 merces
500 1067 573 1119 teque
591 1054 689 1105 sedente
707 1055 768 1107 suas.

219 1127 284 1193 Quas
300 1127 358 1185 illa,
374 1125 501 1191 inspicias,
520 1127 601 1193 sapere
618 1141 645 1178 ut
657 1129 775 1187 videare,
792 1129 907 1198 rogabit:

253 1200 344 1251 Oscula
359 1199 447 1248 deinde
465 1199 530 1248 dabit
545 1216 552 1250 :
568 1201 654 1250 deinde
669 1205 784 1269 rogabit,
803 1222 878 1255 emas.

217 1273 272 1323 Hoc
286 1274 341 1324 fore
356 1283 495 1322 contentam
513 1274 602 1321 multos
617 1272 704 1336 jurabit
720 1276 744 1323 in
759 1294 848 1326 annosa
932 1292 984 1340 425

251 1348 324 1395 Nunc
339 1362 400 1411 opus
417 1344 464 1394 else
481 1344 545 1403 sibi,
563 1361 627 1393 nunc
644 1347 707 1394 bene
723 1348 787 1397 dicet
803 1350 860 1399 emi.

216 1418 240 1469 Si
256 1436 305 1469 non
321 1416 368 1469 effe
385 1417 469 1475 domi,
492 1433 552 1483 quos
570 1417 634 1475 des,
651 1419 779 1469 causabere
795 1435 924 1481 nummos;

251 1492 332 1542 Litera
347 1491 481 1557 poscetut3
500 1507 531 1540 ne
547 1489 651 1539 didicisse
666 1489 743 1555 juvet.

215 1562 305 1631 Quid?
322 1564 390 1630 quasi
404 1564 478 1614 natali
494 1562 547 1613 edm
564 1563 642 1629 poscit
656 1582 754 1615 munera
768 1566 837 1625 liho;

251 1638 302 1696 Et,
320 1637 418 1703 quoties
432 1652 492 1702 opus
509 1636 561 1695 est,
578 1636 683 1687 nascitur
699 1638 747 1704 ipsa
763 1639 832 1689 sibi?
933 1651 988 1702 430

217 1708 306 1775 Quid?
325 1708 379 1760 crim
392 1709 502 1759 mendaci
518 1712 605 1759 damno
622 1710 762 1762 maestissima
778 1714 879 1778 plorat3

252 1782 399 1849 Elapsusque
417 1781 476 1831 cavi
492 1781 589 1849 lingitur
605 1800 663 1833 aure
680 1782 762 1851 lapis?

216 1856 296 1907 Multa
311 1868 398 1924 rogant
412 1856 503 1906 utenda
517 1856 567 1907 dari
585 1872 592 1906 ε
612 1858 666 1907 data
682 1859 786 1908 reddere
801 1858 899 1917 nolunt.

251 1928 335 1979 Perdis
348 1929 403 1988 ;‚&
421 1929 444 1979 in
461 1929 546 1981 damno
562 1931 637 1998 gratia
652 1933 717 1981 nulla
733 1945 787 1985 tuo.

215 2002 273 2053 Non
284 2002 355 2059 mihi,
367 2001 491 2069 sacrilegas
502 2004 656 2054 meretricum
666 2020 693 2055 ut
703 2008 833 2072 prosequar
843 2016 908 2056 artes
915 2033 925 2063 ‚·
933 2016 984 2067 435

254 2076 315 2125 Cum
329 2076 430 2125 totidem
446 2075 551 2142 linguis,
566 2078 614 2125 sint
629 2078 682 2125 satis
700 2094 742 2127 ora
759 2080 855 2127 decern.

216 2148 281 2198 Cera
296 2149 383 2199 vadum
398 2161 498 2205 tentet,
518 2149 577 2198 rasis
594 2149 668 2197 infusa
682 2150 797 2199 tabellis:

252 2220 316 2270 Cera
333 2234 381 2272 tuae
396 2218 497 2287 primirm
514 2221 600 2269 nuncia
615 2222 702 2270 mentis
719 2233 769 2272 eat.

214 2294 345 2345 Blanditias
361 2294 424 2344 serat
440 2294 480 2342 illa
495 2305 565 2351 tuas,
587 2293 726 2359 imitataque
743 2304 861 2344 amantem

251 2368 335 2417 Verba
348 2383 355 2416 τ
373 2383 419 2416 nec
431 2366 549 2432 exiguas,
568 2367 673 2432 quisquis
685 2383 730 2425 es,
746 2368 807 2417 adde
818 2381 914 2432 preces.
934 2379 988 2427 44ο

214 2439 323 2494 Hesiora
336 2440 435 2489 donavit
451 2438 564 2499 Priamo,
584 2456 659 2507 prece
674 2452 774 2501 motus,
790 2440 919 2491 Achillest

251 2511 368 2561 Flesiitur
384 2512 456 2563 iratus
472 2530 535 2563 voce
550 2528 651 2581 rogante
668 2514 747 2565 Deus.

213 2584 345 2635 Promittas
362 2585 436 2634 facito
451 2601 458 2635 t
475 2586 530 2650 quid
545 2587 608 2636 enim
623 2588 765 2651 promittere
781 2582 873 2637 laedit?
912 2621 914 2624 -

250 2655 370 2708 Pollicitis
387 2656 453 2704 dives
469 2658 570 2720 quilibet
584 2658 631 2707 elle
646 2659 733 2723 potest.

215 2731 276 2797 Spes
287 2738 357 2777 tenet
367 2727 392 2774 in
401 2738 509 2791 tempus,
522 2728 594 2778 semel
605 2729 785 2786 erueretur,
797 2727 912 2794 longum:
932 2742 969 2790 44
974 2741 986 2790 5

252 2804 296 2853 Illa
314 2799 409 2866 quidem
426 2797 516 2858 fallax,
534 2800 575 2849 sed
590 2811 671 2849 tamen
686 2812 742 2866 apta
760 2800 815 2849 Dea
831 2800 874 2853 est.

215 2876 242 2927 si
260 2875 355 2930 dederis
373 2870 480 2938 aliquid,
497 2872 588 2937 potetis
605 2872 699 2923 ratione
714 2871 834 2939 relinqui:

253 2947 404 2999 Praeteritum
420 2944 522 3005 tulerit,
539 2944 719 3012 perdideritque
733 2945 801 2997 nihil.

217 3020 252 3072 At
268 3021 330 3083 quod
345 3037 395 3070 non
410 3020 524 3079 dederis,
543 3020 636 3085 semper
648 3019 746 3071 videare
761 3019 877 3078 daturust

255 3091 293 3144 Sic
310 3094 428 3147 dominum
445 3094 528 3147 sterilis
546 3093 608 3161 saepe
624 3094 712 3145 fefellit
728 3110 796 3165 aget.
932 3104 986 3150 450
