2392 3892
704 846 1176 935 OVIDII
1265 844 1887 932 NASONIS

753 1024 1769 1093 ·REMED10RUM

663 1204 803 1325 Α
896 1202 1068 1320 M
1181 1199 1309 1322 O
1422 1204 1556 1319 R
1658 1203 1737 1317 I
1842 1201 1910 1321 S

798 1411 1286 1479 LIBER
1385 1410 1812 1492 UNUS..

591 1518 952 1633 LEGERAJ
969 1579 1114 1647 hujus
1135 1580 1290 1632 Amor
1309 1580 1499 1630 titulum
1520 1597 1795 1647 nomenque
1817 1578 1969 1631 libeni:

662 1655 795 1705 Bella
826 1655 937 1704 mihi
963 1688 976 1713 ,
1009 1655 1151 1705 video
1175 1656 1351 1711 ,‘bella
1382 1665 1608 1719 parantur
1629 1687 1645 1713 ,
1681 1654 1769 1704 ait.

589 1727 739 1777 Parce
769 1738 903 1776 tuum
934 1740 1093 1776 vatem
1129 1726 1321 1775 sceleris
1356 1727 1575 1776 damnare
1595 1759 1617 1785 ,
1653 1724 1844 1793 Cupido
1858 1742 1883 1784 ,·

659 1799 856 1848 Tradita
889 1799 969 1865 qui
998 1800 1146 1849 toties
1171 1832 1187 1856 ,
1224 1811 1275 1855 te
1308 1800 1431 1848 duce
1458 1832 1471 1856 ‚
1509 1799 1646 1866 signa
1674 1801 1786 1849 tuli.

540 1874 702 1940 5Non
736 1887 830 1939 ego
858 1872 1115 1940 Tydides3
1148 1890 1174 1920 a
1206 1888 1302 1937 quo
1336 1884 1418 1921 tua
1450 1871 1604 1921 saucia
1633 1884 1788 1922 mater

662 1947 716 1995 ln
743 1945 972 2011 liquidum
1001 1945 1142 1994 rediit
1171 1947 1350 1995 aethera
1383 1944 1558 1994 Martis
1591 1944 1750 2011 equis.

588 2021 728 2085 Saepe
755 2032 924 2083 tepent
952 2020 1030 2069 alii
1061 2016 1264 2084 juvenes
1296 2036 1310 2068 z
1344 2036 1437 2085 ego
1470 2017 1656 2083 semper
1689 2016 1859 2067 amavi.

663 2092 727 2141 Et
753 2091 793 2141 si
817 2125 830 2149 ‚
869 2092 979 2157 quid
1009 2091 1175 2140 faciam
1204 2108 1331 2141 nunc
1363 2107 1554 2157 quoque
1575 2123 1589 2149 ,
1618 2091 1795 2157 quaeris
1817 2108 1834 2147 3
1867 2100 1980 2136 ame.
2064 2089 2067 2148 ’ᾖ

587 2164 722 2229 Quin
751 2164 892 2213 etiam
926 2165 1106 2221 docui,
1147 2164 1239 2229 qu‘ii
1270 2166 1556 2229 possis‘atte
1586 2164 1741 2228 parari
1767 2181 1783 2221 3

504 2255 569 2291 ιο
664 2238 721 2286 Et
754 2237 882 2302 quod
912 2254 1036 2287 nunc
1067 2236 1190 2286 ratio
1222 2235 1287 2285 est
1311 2269 1325 2293 ‚
1363 2238 1570 2302 impetus
1600 2248 1713 2284 ante
1744 2236 1853 2286 fuit.

587 2311 693 2359 Nec
720 2321 774 2357 te
799 2340 812 2364 ,
843 2309 1015 2356 blande
1046 2325 1165 2372 puer
1186 2342 1203 2362 ‚
1235 2325 1328 2356 nec
1350 2309 1527 2357 nostras
1549 2309 1795 2373 prodimus
1826 2320 1943 2357 artes
1965 2318 1982 2361 3

658 2381 766 2430 Nec
799 2396 920 2428 nova
955 2380 1248 2447 praeteritum
1280 2380 1417 2428 Musa
1447 2381 1624 2429 retexit
1657 2397 1799 2446 opus.

587 2455 638 2505 Si
660 2453 769 2520 quis
796 2462 919 2504 a'mat
943 2486 957 2510 ‚
994 2453 1122 2519 quod
1155 2469 1313 2501 amare
1346 2452 1481 2518 juvat
1503 2487 1517 2511 ,
1552 2452 1763 2503 feliciter
1792 2452 1953 2503 ardens

663 2527 886 2579 Gaudeat
908 2559 923 2584 ‚
964 2526 1011 2576 &
1044 2539 1193 2576 vento
1225 2527 1419 2593 naviget
1451 2527 1531 2575 ille
1564 2525 1667 2575 suo.

506 2618 567 2669 15
588 2601 652 2652 At
675 2635 690 2659 ,
726 2602 765 2651 si
793 2600 898 2667 quis
927 2600 1047 2648 male
1076 2600 1171 2649 fert
1206 2599 1409 2667 indignae
1438 2617 1584 2667 regna
1618 2601 1796 2665 puellae
1815 2632 1835 2658 ,

658 2676 735 2723 Ne
766 2687 934 2738 pereat
957 2706 972 2731 ,
1012 2672 1180 2722 nostrae
1211 2673 1381 2722 sentiat
1409 2674 1522 2722 artis
1554 2689 1716 2737 opem.

589 2746 689 2795 Cur
719 2747 884 2811 aliquis
905 2779 920 2804 ‚
962 2747 1138 2794 collum
1167 2748 1341 2812 laqueo
1372 2748 1576 2795 nodatus
1605 2746 1663 2791 ab
1696 2743 1829 2794 atsto
1854 2778 1872 2804 ,

660 2819 698 2867 Ε
730 2821 865 2868 trabe
896 2820 1074 2868 sublimi
1104 2818 1232 2868 triste
1260 2818 1488 2883 pependit
1520 2832 1639 2864 onus
1665 2813 1686 2862 ἓ

589 2890 688 2939 Cur
719 2891 888 2955 aliquis
922 2891 1078 2958 rigido
1108 2892 1233 2939 fodit
1267 2892 1343 2939 sua
1371 2889 1550 2938 viscera
1582 2887 1759 2939 ferro?
2109 2928 2113 2941 .

499 2976 566 3018 20
655 2961 884 3013 Invidiam
920 2964 1063 3014 caedis
1086 2997 1104 3019 ‚
1137 2962 1266 3029 pacis
1296 2972 1478 3012 amator
1500 2993 1514 3021 ,
1551 2962 1719 3016 habes·
2109 2952 2121 3050 ’1

1853 3035 1953 3101 Qui
1972 3067 1989 3095 2
