<?xml version="1.0" encoding="UTF-8"?>
<!DOCTYPE html PUBLIC "-//W3C//DTD XHTML 1.0 Transitional//EN"
    "http://www.w3.org/TR/xhtml1/DTD/xhtml1-transitional.dtd">
<html xmlns="http://www.w3.org/1999/xhtml" xml:lang="en" lang="en">
 <head>
  <title>
</title>
<meta http-equiv="Content-Type" content="text/html;charset=utf-8" />
  <meta name='ocr-system' content='tesseract 3.04.00' />
  <meta name='ocr-capabilities' content='ocr_page ocr_carea ocr_par ocr_line ocrx_word'/>
</head>
<body>
  <div class='ocr_page' id='page_1' title='image "./povidiinasoniso00heingoog_0064.png"; bbox 0 0 2392 3892; ppageno 0'>
   <div class='ocr_carea' id='block_1_1' title="bbox 300 494 885 589">
    <p class='ocr_par' dir='ltr' id='par_1_1' title="bbox 300 433 885 589">
     <span class='ocr_line' id='line_1_1' title="bbox 300 494 885 589; baseline 0.007 -26"><span class='ocrx_word' id='word_1_1' title='bbox 300 494 582 563; x_wconf 72' lang='lat' dir='ltr'><strong>Henomrs.</strong></span> <span class='ocrx_word' id='word_1_2' title='bbox 610 495 688 564; x_wconf 76' lang='lat' dir='ltr'><strong>Er.</strong></span> <span class='ocrx_word' id='word_1_3' title='bbox 715 494 764 567; x_wconf 86' lang='lat' dir='ltr'><em>X</em></span> <span class='ocrx_word' id='word_1_4' title='bbox 831 511 885 589; x_wconf 79' lang='lat'><strong>45</strong></span> 
     </span>
    </p>
   </div>
   <div class='ocr_carea' id='block_1_2' title="bbox 144 611 974 3231">
    <p class='ocr_par' dir='ltr' id='par_1_2' title="bbox 144 611 974 3231">
     <span class='ocr_line' id='line_1_2' title="bbox 176 611 716 681; baseline -0.007 -16"><span class='ocrx_word' id='word_1_5' title='bbox 176 613 281 665; x_wconf 85' lang='lat' dir='ltr'><strong>Tantdm</strong></span> <span class='ocrx_word' id='word_1_6' title='bbox 293 632 324 666; x_wconf 91' lang='lat' dir='ltr'><strong>ne</strong></span> <span class='ocrx_word' id='word_1_7' title='bbox 337 615 424 681; x_wconf 86' lang='lat' dir='ltr'><strong>religer</strong></span> <span class='ocrx_word' id='word_1_8' title='bbox 434 612 493 663; x_wconf 77' lang='lat' dir='ltr'><strong>duri</strong></span> <span class='ocrx_word' id='word_1_9' title='bbox 503 611 598 677; x_wconf 82' lang='lat' dir='ltr'><strong>captiva</strong></span> <span class='ocrx_word' id='word_1_10' title='bbox 611 612 716 670; x_wconf 76' lang='lat' dir='ltr'><strong>catend;</strong></span> 
     </span>
     <span class='ocr_line' id='line_1_3' title="bbox 213 685 935 756; baseline -0.001 -19"><span class='ocrx_word' id='word_1_11' title='bbox 213 690 285 738; x_wconf 86' lang='lat' dir='ltr'><strong>Neve</strong></span> <span class='ocrx_word' id='word_1_12' title='bbox 305 689 396 737; x_wconf 81' lang='lat' dir='ltr'>traham</span> <span class='ocrx_word' id='word_1_13' title='bbox 410 686 478 736; x_wconf 74' lang='lat' dir='ltr'><strong>servi</strong></span> <span class='ocrx_word' id='word_1_14' title='bbox 489 686 587 753; x_wconf 79' lang='lat' dir='ltr'>grandia</span> <span class='ocrx_word' id='word_1_15' title='bbox 597 685 670 750; x_wconf 92' lang='lat' dir='ltr'><strong>pensa</strong></span> <span class='ocrx_word' id='word_1_16' title='bbox 680 702 769 745; x_wconf 76' lang='lat' dir='ltr'><strong>manu-3</strong></span> <span class='ocrx_word' id='word_1_17' title='bbox 898 703 935 756; x_wconf 86' lang='lat'><strong>90</strong></span> 
     </span>
     <span class='ocr_line' id='line_1_4' title="bbox 180 756 768 827; baseline -0.005 -16"><span class='ocrx_word' id='word_1_18' title='bbox 180 762 224 812; x_wconf 87' lang='lat' dir='ltr'><strong>Cui</strong></span> <span class='ocrx_word' id='word_1_19' title='bbox 233 774 303 827; x_wconf 89' lang='lat' dir='ltr'><strong>pater</strong></span> <span class='ocrx_word' id='word_1_20' title='bbox 313 761 346 810; x_wconf 87' lang='lat' dir='ltr'><strong>esl</strong></span> <span class='ocrx_word' id='word_1_21' title='bbox 357 761 456 818; x_wconf 91' lang='lat' dir='ltr'><strong>Minos,</strong></span> <span class='ocrx_word' id='word_1_22' title='bbox 469 759 508 807; x_wconf 89' lang='lat' dir='ltr'><strong>cui</strong></span> <span class='ocrx_word' id='word_1_23' title='bbox 519 770 596 807; x_wconf 88' lang='lat' dir='ltr'><strong>mater</strong></span> <span class='ocrx_word' id='word_1_24' title='bbox 605 757 654 807; x_wconf 86' lang='lat' dir='ltr'><strong>filia</strong></span> <span class='ocrx_word' id='word_1_25' title='bbox 665 756 748 808; x_wconf 88' lang='lat' dir='ltr'><strong>Phoebi</strong></span> <span class='ocrx_word' id='word_1_26' title='bbox 761 776 768 808; x_wconf 78' lang='lat' dir='ltr'><strong>a</strong></span> 
     </span>
     <span class='ocr_line' id='line_1_5' title="bbox 214 830 792 900; baseline 0.002 -17"><span class='ocrx_word' id='word_1_27' title='bbox 214 834 339 900; x_wconf 87' lang='lat' dir='ltr'><strong>Quodque</strong></span> <span class='ocrx_word' id='word_1_28' title='bbox 350 835 424 899; x_wconf 81' lang='lat' dir='ltr'><strong>magis</strong></span> <span class='ocrx_word' id='word_1_29' title='bbox 434 831 545 889; x_wconf 89' lang='lat' dir='ltr'><strong>memini,</strong></span> <span class='ocrx_word' id='word_1_30' title='bbox 556 847 609 895; x_wconf 87' lang='lat' dir='ltr'><strong>quae</strong></span> <span class='ocrx_word' id='word_1_31' title='bbox 617 830 661 880; x_wconf 90' lang='lat' dir='ltr'><strong>tibi</strong></span> <span class='ocrx_word' id='word_1_32' title='bbox 671 832 738 896; x_wconf 69' lang='lat' dir='ltr'><strong>pasta</strong></span> <span class='ocrx_word' id='word_1_33' title='bbox 747 831 792 884; x_wconf 86' lang='lat' dir='ltr'><strong>fui.</strong></span> 
     </span>
     <span class='ocr_line' id='line_1_6' title="bbox 180 902 747 970; baseline -0.012 -12"><span class='ocrx_word' id='word_1_34' title='bbox 180 909 203 958; x_wconf 88' lang='lat' dir='ltr'><strong>Si</strong></span> <span class='ocrx_word' id='word_1_35' title='bbox 211 924 276 957; x_wconf 86' lang='lat' dir='ltr'><strong>mare</strong></span> <span class='ocrx_word' id='word_1_36' title='bbox 287 940 294 964; x_wconf 86' lang='lat'>‚</span> <span class='ocrx_word' id='word_1_37' title='bbox 306 907 327 957; x_wconf 87' lang='lat' dir='ltr'><strong>si</strong></span> <span class='ocrx_word' id='word_1_38' title='bbox 337 919 414 956; x_wconf 85' lang='lat' dir='ltr'><strong>terras</strong></span> <span class='ocrx_word' id='word_1_39' title='bbox 425 903 582 970; x_wconf 68' lang='lat' dir='ltr'><strong>porreslaque</strong></span> <span class='ocrx_word' id='word_1_40' title='bbox 597 904 668 952; x_wconf 88' lang='lat' dir='ltr'><strong>litora</strong></span> <span class='ocrx_word' id='word_1_41' title='bbox 678 902 727 952; x_wconf 81' lang='lat' dir='ltr'><strong>vidi</strong></span> <span class='ocrx_word' id='word_1_42' title='bbox 737 921 747 962; x_wconf 69' lang='grc' dir='ltr'><strong><em>ς</em></strong></span> 
     </span>
     <span class='ocr_line' id='line_1_7' title="bbox 215 974 770 1041; baseline -0.007 -12"><span class='ocrx_word' id='word_1_43' title='bbox 215 981 297 1031; x_wconf 89' lang='lat' dir='ltr'><strong>Multa</strong></span> <span class='ocrx_word' id='word_1_44' title='bbox 313 978 371 1026; x_wconf 87' lang='lat' dir='ltr'><strong>mihi</strong></span> <span class='ocrx_word' id='word_1_45' title='bbox 380 991 467 1033; x_wconf 87' lang='lat' dir='ltr'><strong>tettae,</strong></span> <span class='ocrx_word' id='word_1_46' title='bbox 478 976 552 1024; x_wconf 85' lang='lat' dir='ltr'><strong>multa</strong></span> <span class='ocrx_word' id='word_1_47' title='bbox 563 974 681 1025; x_wconf 90' lang='lat' dir='ltr'><strong>minantur</strong></span> <span class='ocrx_word' id='word_1_48' title='bbox 691 992 770 1041; x_wconf 72' lang='lat' dir='ltr'><strong>aquae.</strong></span> 
     </span>
     <span class='ocr_line' id='line_1_8' title="bbox 181 1047 936 1120; baseline -0.009 -16"><span class='ocrx_word' id='word_1_49' title='bbox 181 1055 280 1103; x_wconf 87' lang='lat' dir='ltr'><strong>Coelum</strong></span> <span class='ocrx_word' id='word_1_50' title='bbox 290 1050 394 1099; x_wconf 83' lang='lat' dir='ltr'><strong>restabat</strong></span> <span class='ocrx_word' id='word_1_51' title='bbox 404 1065 411 1097; x_wconf 71' lang='grc' dir='ltr'><strong>ε</strong></span> <span class='ocrx_word' id='word_1_52' title='bbox 421 1050 495 1098; x_wconf 91' lang='lat' dir='ltr'><strong>timeo</strong></span> <span class='ocrx_word' id='word_1_53' title='bbox 505 1047 632 1098; x_wconf 86' lang='lat' dir='ltr'><strong>simulacra</strong></span> <span class='ocrx_word' id='word_1_54' title='bbox 643 1048 766 1099; x_wconf 84' lang='lat' dir='ltr'><strong>Deorum.</strong></span> <span class='ocrx_word' id='word_1_55' title='bbox 902 1065 936 1120; x_wconf 79' lang='lat'><strong>95</strong></span> 
     </span>
     <span class='ocr_line' id='line_1_9' title="bbox 216 1120 732 1187; baseline -0.008 -12"><span class='ocrx_word' id='word_1_56' title='bbox 216 1123 347 1175; x_wconf 84' lang='lat' dir='ltr'><strong>Destituor</strong></span> <span class='ocrx_word' id='word_1_57' title='bbox 355 1122 441 1187; x_wconf 79' lang='lat' dir='ltr'>rapidis</span> <span class='ocrx_word' id='word_1_58' title='bbox 450 1120 529 1187; x_wconf 79' lang='lat' dir='ltr'><strong>praeda</strong></span> <span class='ocrx_word' id='word_1_59' title='bbox 540 1120 655 1186; x_wconf 85' lang='lat' dir='ltr'><strong>cibusque</strong></span> <span class='ocrx_word' id='word_1_60' title='bbox 664 1122 732 1171; x_wconf 85' lang='lat' dir='ltr'><strong>seris.</strong></span> 
     </span>
     <span class='ocr_line' id='line_1_10' title="bbox 184 1192 795 1260; baseline 0 -13"><span class='ocrx_word' id='word_1_61' title='bbox 184 1200 243 1248; x_wconf 81' lang='lat' dir='ltr'><strong>Sive</strong></span> <span class='ocrx_word' id='word_1_62' title='bbox 254 1197 339 1245; x_wconf 84' lang='lat' dir='ltr'><strong>colunt</strong></span> <span class='ocrx_word' id='word_1_63' title='bbox 349 1195 502 1260; x_wconf 80' lang='lat' dir='ltr'><strong>habitantque</strong></span> <span class='ocrx_word' id='word_1_64' title='bbox 513 1194 557 1243; x_wconf 84' lang='lat' dir='ltr'><strong>viri</strong></span> <span class='ocrx_word' id='word_1_65' title='bbox 568 1227 575 1252; x_wconf 92' lang='lat'>,</span> <span class='ocrx_word' id='word_1_66' title='bbox 590 1192 717 1245; x_wconf 85' lang='lat' dir='ltr'><strong>diffidimus</strong></span> <span class='ocrx_word' id='word_1_67' title='bbox 727 1194 774 1245; x_wconf 88' lang='lat' dir='ltr'><strong>illis</strong></span> <span class='ocrx_word' id='word_1_68' title='bbox 786 1210 795 1248; x_wconf 84' lang='lat' dir='ltr'><strong>t</strong></span> 
     </span>
     <span class='ocr_line' id='line_1_11' title="bbox 220 1267 667 1320; baseline -0.004 -1"><span class='ocrx_word' id='word_1_69' title='bbox 220 1270 342 1320; x_wconf 86' lang='lat' dir='ltr'><strong>Externos</strong></span> <span class='ocrx_word' id='word_1_70' title='bbox 354 1268 425 1316; x_wconf 89' lang='lat' dir='ltr'><strong>didici</strong></span> <span class='ocrx_word' id='word_1_71' title='bbox 434 1267 487 1317; x_wconf 86' lang='lat' dir='ltr'><strong>laesa</strong></span> <span class='ocrx_word' id='word_1_72' title='bbox 497 1267 582 1316; x_wconf 87' lang='lat' dir='ltr'><strong>timere</strong></span> <span class='ocrx_word' id='word_1_73' title='bbox 592 1267 667 1317; x_wconf 87' lang='lat' dir='ltr'><strong>viros.</strong></span> 
     </span>
     <span class='ocr_line' id='line_1_12' title="bbox 182 1340 897 1408; baseline -0.003 -14"><span class='ocrx_word' id='word_1_74' title='bbox 182 1345 289 1395; x_wconf 84' lang='lat' dir='ltr'><strong>Viveret</strong></span> <span class='ocrx_word' id='word_1_75' title='bbox 298 1343 443 1408; x_wconf 80' lang='lat' dir='ltr'><strong>Androgeos</strong></span> <span class='ocrx_word' id='word_1_76' title='bbox 452 1340 543 1389; x_wconf 89' lang='lat' dir='ltr'><strong>utinam</strong></span> <span class='ocrx_word' id='word_1_77' title='bbox 552 1354 562 1396; x_wconf 66' lang='grc' dir='ltr'><strong>ς</strong></span> <span class='ocrx_word' id='word_1_78' title='bbox 571 1356 618 1388; x_wconf 87' lang='lat' dir='ltr'><strong>nec</strong></span> <span class='ocrx_word' id='word_1_79' title='bbox 628 1340 689 1389; x_wconf 64' lang='lat' dir='ltr'><strong>fasta</strong></span> <span class='ocrx_word' id='word_1_80' title='bbox 699 1341 777 1393; x_wconf 77' lang='lat' dir='ltr'><strong>luisses</strong></span> <span class='ocrx_word' id='word_1_81' title='bbox 885 1355 897 1378; x_wconf 78' lang='lat'><strong>¹·</strong></span> 
     </span>
     <span class='ocr_line' id='line_1_13' title="bbox 219 1413 961 1481; baseline -0.004 -15"><span class='ocrx_word' id='word_1_82' title='bbox 219 1416 296 1481; x_wconf 84' lang='lat' dir='ltr'><strong>Impia</strong></span> <span class='ocrx_word' id='word_1_83' title='bbox 306 1415 448 1470; x_wconf 78' lang='lat' dir='ltr'><strong>funeribus,</strong></span> <span class='ocrx_word' id='word_1_84' title='bbox 462 1413 567 1476; x_wconf 82' lang='lat' dir='ltr'><strong>Cecropi</strong></span> <span class='ocrx_word' id='word_1_85' title='bbox 579 1424 659 1471; x_wconf 86' lang='lat' dir='ltr'><strong>terra,</strong></span> <span class='ocrx_word' id='word_1_86' title='bbox 670 1414 718 1463; x_wconf 86' lang='lat' dir='ltr'><strong>tuis</strong></span> <span class='ocrx_word' id='word_1_87' title='bbox 732 1414 739 1464; x_wconf 88' lang='lat' dir='ltr'><strong>l</strong></span> <span class='ocrx_word' id='word_1_88' title='bbox 908 1438 961 1477; x_wconf 80' lang='lat'><strong>100</strong></span> 
     </span>
     <span class='ocr_line' id='line_1_14' title="bbox 185 1484 751 1551; baseline -0.009 -11"><span class='ocrx_word' id='word_1_89' title='bbox 185 1490 238 1540; x_wconf 91' lang='lat' dir='ltr'><strong>Nec</strong></span> <span class='ocrx_word' id='word_1_90' title='bbox 247 1502 291 1537; x_wconf 90' lang='lat' dir='ltr'><strong>tua</strong></span> <span class='ocrx_word' id='word_1_91' title='bbox 302 1486 421 1537; x_wconf 71' lang='lat' dir='ltr'><strong>maflassct</strong></span> <span class='ocrx_word' id='word_1_92' title='bbox 430 1485 521 1535; x_wconf 93' lang='lat' dir='ltr'><strong>nodoso</strong></span> <span class='ocrx_word' id='word_1_93' title='bbox 530 1486 626 1551; x_wconf 83' lang='lat' dir='ltr'><strong>stipite,</strong></span> <span class='ocrx_word' id='word_1_94' title='bbox 636 1484 733 1536; x_wconf 86' lang='lat' dir='ltr'><strong>Theseu</strong></span> <span class='ocrx_word' id='word_1_95' title='bbox 742 1518 751 1545; x_wconf 89' lang='lat'>‚</span> 
     </span>
     <span class='ocr_line' id='line_1_15' title="bbox 220 1558 798 1626; baseline -0.005 -13"><span class='ocrx_word' id='word_1_96' title='bbox 220 1561 304 1613; x_wconf 78' lang='lat' dir='ltr'><strong>Ardua</strong></span> <span class='ocrx_word' id='word_1_97' title='bbox 313 1573 382 1626; x_wconf 88' lang='lat' dir='ltr'><strong>parte</strong></span> <span class='ocrx_word' id='word_1_98' title='bbox 391 1560 466 1609; x_wconf 89' lang='lat' dir='ltr'><strong>vitum</strong></span> <span class='ocrx_word' id='word_1_99' title='bbox 478 1559 579 1608; x_wconf 85' lang='lat' dir='ltr'><strong>dextera</strong></span> <span class='ocrx_word' id='word_1_100' title='bbox 589 1592 596 1616; x_wconf 93' lang='lat'><strong>‚</strong></span> <span class='ocrx_word' id='word_1_101' title='bbox 611 1571 680 1625; x_wconf 88' lang='lat' dir='ltr'><strong>parte</strong></span> <span class='ocrx_word' id='word_1_102' title='bbox 689 1560 778 1609; x_wconf 84' lang='lat' dir='ltr'><strong>bovem</strong></span> <span class='ocrx_word' id='word_1_103' title='bbox 790 1558 798 1611; x_wconf 86' lang='lat' dir='ltr'><strong>l</strong></span> 
     </span>
     <span class='ocr_line' id='line_1_16' title="bbox 187 1630 849 1699; baseline -0.002 -15"><span class='ocrx_word' id='word_1_104' title='bbox 187 1638 238 1685; x_wconf 86' lang='lat' dir='ltr'><strong>Nec</strong></span> <span class='ocrx_word' id='word_1_105' title='bbox 249 1636 294 1684; x_wconf 93' lang='lat' dir='ltr'><strong>tibi</strong></span> <span class='ocrx_word' id='word_1_106' title='bbox 305 1667 312 1692; x_wconf 86' lang='lat'>‚</span> <span class='ocrx_word' id='word_1_107' title='bbox 326 1650 379 1699; x_wconf 85' lang='lat' dir='ltr'><strong>quae</strong></span> <span class='ocrx_word' id='word_1_108' title='bbox 388 1633 479 1682; x_wconf 89' lang='lat' dir='ltr'><strong>reditus</strong></span> <span class='ocrx_word' id='word_1_109' title='bbox 489 1631 662 1689; x_wconf 85' lang='lat' dir='ltr'><strong>monstrarent,</strong></span> <span class='ocrx_word' id='word_1_110' title='bbox 672 1630 711 1681; x_wconf 79' lang='lat' dir='ltr'><strong>fila</strong></span> <span class='ocrx_word' id='word_1_111' title='bbox 721 1633 830 1685; x_wconf 75' lang='lat' dir='ltr'><strong>dedissem</strong></span> <span class='ocrx_word' id='word_1_112' title='bbox 840 1652 849 1694; x_wconf 70' lang='grc' dir='ltr'><strong><em>ς</em></strong></span> 
     </span>
     <span class='ocr_line' id='line_1_17' title="bbox 221 1705 748 1773; baseline -0.004 -15"><span class='ocrx_word' id='word_1_113' title='bbox 221 1710 272 1758; x_wconf 77' lang='lat' dir='ltr'><strong>fila</strong></span> <span class='ocrx_word' id='word_1_114' title='bbox 283 1724 328 1773; x_wconf 90' lang='lat' dir='ltr'><strong>per</strong></span> <span class='ocrx_word' id='word_1_115' title='bbox 338 1705 449 1755; x_wconf 75' lang='lat' dir='ltr'><strong>addutlas</strong></span> <span class='ocrx_word' id='word_1_116' title='bbox 461 1705 523 1771; x_wconf 77' lang='lat' dir='ltr'><strong>saepe</strong></span> <span class='ocrx_word' id='word_1_117' title='bbox 533 1718 632 1769; x_wconf 89' lang='lat' dir='ltr'><strong>recepta</strong></span> <span class='ocrx_word' id='word_1_118' title='bbox 645 1722 728 1756; x_wconf 83' lang='lat' dir='ltr'><strong>manus</strong></span> <span class='ocrx_word' id='word_1_119' title='bbox 740 1706 748 1755; x_wconf 82' lang='lat' dir='ltr'><strong>l</strong></span> 
     </span>
     <span class='ocr_line' id='line_1_18' title="bbox 188 1776 958 1853; baseline -0.004 -22"><span class='ocrx_word' id='word_1_120' title='bbox 188 1782 245 1831; x_wconf 89' lang='lat' dir='ltr'><strong>Non</strong></span> <span class='ocrx_word' id='word_1_121' title='bbox 257 1779 369 1846; x_wconf 89' lang='lat' dir='ltr'><strong>equidem</strong></span> <span class='ocrx_word' id='word_1_122' title='bbox 379 1776 662 1838; x_wconf 74' lang='lat' dir='ltr'><strong>miror,sillatvifloria</strong></span> <span class='ocrx_word' id='word_1_123' title='bbox 673 1792 769 1839; x_wconf 83' lang='lat' dir='ltr'><strong>tecum,</strong></span> <span class='ocrx_word' id='word_1_124' title='bbox 851 1807 855 1814; x_wconf 86' lang='lat'><strong>.</strong></span> <span class='ocrx_word' id='word_1_125' title='bbox 909 1800 958 1853; x_wconf 82' lang='lat'><strong>105</strong></span> 
     </span>
     <span class='ocr_line' id='line_1_19' title="bbox 223 1850 785 1919; baseline 0.004 -16"><span class='ocrx_word' id='word_1_126' title='bbox 223 1855 352 1919; x_wconf 78' lang='lat' dir='ltr'><strong>Strataque</strong></span> <span class='ocrx_word' id='word_1_127' title='bbox 366 1851 487 1902; x_wconf 75' lang='lat' dir='ltr'><strong>Cretaeam</strong></span> <span class='ocrx_word' id='word_1_128' title='bbox 499 1852 578 1900; x_wconf 89' lang='lat' dir='ltr'><strong>bellua</strong></span> <span class='ocrx_word' id='word_1_129' title='bbox 586 1850 658 1902; x_wconf 86' lang='lat' dir='ltr'><strong>tinxit</strong></span> <span class='ocrx_word' id='word_1_130' title='bbox 668 1851 764 1903; x_wconf 87' lang='lat' dir='ltr'><strong>humum</strong></span> <span class='ocrx_word' id='word_1_131' title='bbox 776 1869 785 1905; x_wconf 77' lang='lat' dir='ltr'><strong>t</strong></span> 
     </span>
     <span class='ocr_line' id='line_1_20' title="bbox 191 1922 760 1993; baseline 0.002 -17"><span class='ocrx_word' id='word_1_132' title='bbox 191 1928 245 1977; x_wconf 92' lang='lat' dir='ltr'><strong>Non</strong></span> <span class='ocrx_word' id='word_1_133' title='bbox 256 1938 370 1993; x_wconf 86' lang='lat' dir='ltr'><strong>poterant</strong></span> <span class='ocrx_word' id='word_1_134' title='bbox 381 1924 421 1991; x_wconf 82' lang='lat' dir='ltr'><strong>figi</strong></span> <span class='ocrx_word' id='word_1_135' title='bbox 434 1922 565 1989; x_wconf 73' lang='lat' dir='ltr'><strong>praecordii</strong></span> <span class='ocrx_word' id='word_1_136' title='bbox 576 1924 655 1973; x_wconf 89' lang='lat' dir='ltr'><strong>ferrea</strong></span> <span class='ocrx_word' id='word_1_137' title='bbox 666 1941 741 1975; x_wconf 88' lang='lat' dir='ltr'><strong>comu</strong></span> <span class='ocrx_word' id='word_1_138' title='bbox 753 1941 760 1977; x_wconf 75' lang='lat' dir='ltr'><strong>a</strong></span> 
     </span>
     <span class='ocr_line' id='line_1_21' title="bbox 224 1996 741 2065; baseline 0.002 -16"><span class='ocrx_word' id='word_1_139' title='bbox 224 1998 259 2049; x_wconf 91' lang='lat' dir='ltr'><strong>Ur</strong></span> <span class='ocrx_word' id='word_1_140' title='bbox 268 2012 294 2048; x_wconf 92' lang='lat' dir='ltr'><strong>te</strong></span> <span class='ocrx_word' id='word_1_141' title='bbox 304 2015 353 2047; x_wconf 91' lang='lat' dir='ltr'><strong>non</strong></span> <span class='ocrx_word' id='word_1_142' title='bbox 363 2011 459 2065; x_wconf 83' lang='lat' dir='ltr'><strong>tegeres</strong></span> <span class='ocrx_word' id='word_1_143' title='bbox 472 2031 479 2056; x_wconf 93' lang='lat'>,</span> <span class='ocrx_word' id='word_1_144' title='bbox 492 1996 588 2063; x_wconf 78' lang='lat' dir='ltr'><strong>pellere</strong></span> <span class='ocrx_word' id='word_1_145' title='bbox 600 2009 667 2048; x_wconf 89' lang='lat' dir='ltr'><strong>tutus</strong></span> <span class='ocrx_word' id='word_1_146' title='bbox 678 2015 741 2050; x_wconf 83' lang='lat' dir='ltr'><strong>eras.</strong></span> 
     </span>
     <span class='ocr_line' id='line_1_22' title="bbox 193 2070 687 2131; baseline 0.002 -9"><span class='ocrx_word' id='word_1_147' title='bbox 193 2073 242 2123; x_wconf 87' lang='lat' dir='ltr'><strong>lllic</strong></span> <span class='ocrx_word' id='word_1_148' title='bbox 253 2084 280 2121; x_wconf 89' lang='lat' dir='ltr'><strong>tu</strong></span> <span class='ocrx_word' id='word_1_149' title='bbox 292 2072 372 2123; x_wconf 89' lang='lat' dir='ltr'><strong>silices</strong></span> <span class='ocrx_word' id='word_1_150' title='bbox 384 2104 391 2131; x_wconf 93' lang='lat'>,</span> <span class='ocrx_word' id='word_1_151' title='bbox 401 2071 450 2120; x_wconf 91' lang='lat' dir='ltr'><strong>illic</strong></span> <span class='ocrx_word' id='word_1_152' title='bbox 463 2071 587 2120; x_wconf 81' lang='lat' dir='ltr'><strong>adamanta</strong></span> <span class='ocrx_word' id='word_1_153' title='bbox 596 2070 668 2121; x_wconf 87' lang='lat' dir='ltr'><strong>tulisti</strong></span> <span class='ocrx_word' id='word_1_154' title='bbox 679 2088 687 2123; x_wconf 75' lang='lat' dir='ltr'><strong>t</strong></span> 
     </span>
     <span class='ocr_line' id='line_1_23' title="bbox 225 2143 965 2210; baseline -0.001 -15"><span class='ocrx_word' id='word_1_155' title='bbox 225 2146 277 2195; x_wconf 90' lang='lat' dir='ltr'><strong>lllic</strong></span> <span class='ocrx_word' id='word_1_156' title='bbox 288 2179 295 2203; x_wconf 91' lang='lat'>‚</span> <span class='ocrx_word' id='word_1_157' title='bbox 308 2145 349 2210; x_wconf 90' lang='lat' dir='ltr'><strong>qui</strong></span> <span class='ocrx_word' id='word_1_158' title='bbox 359 2143 779 2204; x_wconf 82' lang='lat' dir='ltr'><strong>silices,Tbesea‚vincae,habes.</strong></span> <span class='ocrx_word' id='word_1_159' title='bbox 914 2165 965 2203; x_wconf 86' lang='lat'><strong>110</strong></span> 
     </span>
     <span class='ocr_line' id='line_1_24' title="bbox 195 2215 752 2281; baseline 0 -13"><span class='ocrx_word' id='word_1_160' title='bbox 195 2218 311 2268; x_wconf 86' lang='lat' dir='ltr'><strong>Crudeles</strong></span> <span class='ocrx_word' id='word_1_161' title='bbox 322 2216 413 2275; x_wconf 83' lang='lat' dir='ltr'><strong>somni,</strong></span> <span class='ocrx_word' id='word_1_162' title='bbox 423 2216 462 2281; x_wconf 84' lang='lat' dir='ltr'><strong>qui</strong></span> <span class='ocrx_word' id='word_1_163' title='bbox 470 2232 509 2264; x_wconf 92' lang='lat' dir='ltr'><strong>me</strong></span> <span class='ocrx_word' id='word_1_164' title='bbox 517 2215 624 2265; x_wconf 85' lang='lat' dir='ltr'><strong>tenuistis</strong></span> <span class='ocrx_word' id='word_1_165' title='bbox 633 2219 734 2267; x_wconf 90' lang='lat' dir='ltr'><strong>inertem</strong></span> <span class='ocrx_word' id='word_1_166' title='bbox 744 2218 752 2269; x_wconf 87' lang='lat' dir='ltr'><strong>l</strong></span> 
     </span>
     <span class='ocr_line' id='line_1_25' title="bbox 226 2288 719 2353; baseline -0.002 -12"><span class='ocrx_word' id='word_1_167' title='bbox 226 2291 260 2342; x_wconf 79' lang='lat' dir='ltr'><strong>At</strong></span> <span class='ocrx_word' id='word_1_168' title='bbox 272 2290 347 2340; x_wconf 86' lang='lat' dir='ltr'><strong>semel</strong></span> <span class='ocrx_word' id='word_1_169' title='bbox 358 2300 448 2338; x_wconf 85' lang='lat' dir='ltr'><strong>aeterna</strong></span> <span class='ocrx_word' id='word_1_170' title='bbox 457 2288 527 2337; x_wconf 69' lang='lat' dir='ltr'><strong>noue</strong></span> <span class='ocrx_word' id='word_1_171' title='bbox 537 2289 667 2353; x_wconf 83' lang='lat' dir='ltr'><strong>premenda</strong></span> <span class='ocrx_word' id='word_1_172' title='bbox 675 2290 719 2340; x_wconf 88' lang='lat' dir='ltr'><strong>fui.</strong></span> 
     </span>
     <span class='ocr_line' id='line_1_26' title="bbox 195 2361 827 2432; baseline 0.008 -20"><span class='ocrx_word' id='word_1_173' title='bbox 195 2365 244 2416; x_wconf 90' lang='lat' dir='ltr'><strong>Vos</strong></span> <span class='ocrx_word' id='word_1_174' title='bbox 254 2379 370 2429; x_wconf 81' lang='lat' dir='ltr'><strong>quoque,</strong></span> <span class='ocrx_word' id='word_1_175' title='bbox 382 2361 492 2411; x_wconf 86' lang='lat' dir='ltr'><strong>crudeles</strong></span> <span class='ocrx_word' id='word_1_176' title='bbox 502 2361 569 2409; x_wconf 87' lang='lat' dir='ltr'><strong>venti</strong></span> <span class='ocrx_word' id='word_1_177' title='bbox 577 2361 720 2429; x_wconf 85' lang='lat' dir='ltr'><strong>nimiumque</strong></span> <span class='ocrx_word' id='word_1_178' title='bbox 729 2363 806 2432; x_wconf 89' lang='lat' dir='ltr'><strong>parati</strong></span> <span class='ocrx_word' id='word_1_179' title='bbox 817 2397 827 2424; x_wconf 83' lang='lat'>‚</span> 
     </span>
     <span class='ocr_line' id='line_1_27' title="bbox 229 2432 746 2503; baseline 0.004 -17"><span class='ocrx_word' id='word_1_180' title='bbox 229 2437 383 2503; x_wconf 80' lang='lat' dir='ltr'><strong>Flaminaque</strong></span> <span class='ocrx_word' id='word_1_181' title='bbox 394 2434 420 2484; x_wconf 92' lang='lat' dir='ltr'><strong>in</strong></span> <span class='ocrx_word' id='word_1_182' title='bbox 430 2435 548 2501; x_wconf 84' lang='lat' dir='ltr'><strong>lacrymas</strong></span> <span class='ocrx_word' id='word_1_183' title='bbox 557 2432 661 2484; x_wconf 86' lang='lat' dir='ltr'><strong>officiosa</strong></span> <span class='ocrx_word' id='word_1_184' title='bbox 672 2454 746 2488; x_wconf 82' lang='lat' dir='ltr'><strong>meas.</strong></span> 
     </span>
     <span class='ocr_line' id='line_1_28' title="bbox 196 2508 966 2581; baseline 0.005 -23"><span class='ocrx_word' id='word_1_185' title='bbox 196 2508 304 2559; x_wconf 80' lang='lat' dir='ltr'><strong>Dextera</strong></span> <span class='ocrx_word' id='word_1_186' title='bbox 314 2508 418 2558; x_wconf 89' lang='lat' dir='ltr'><strong>crudelis</strong></span> <span class='ocrx_word' id='word_1_187' title='bbox 429 2541 436 2565; x_wconf 93' lang='lat'>,</span> <span class='ocrx_word' id='word_1_188' title='bbox 446 2524 497 2573; x_wconf 89' lang='lat' dir='ltr'><strong>quae</strong></span> <span class='ocrx_word' id='word_1_189' title='bbox 506 2524 544 2560; x_wconf 86' lang='lat' dir='ltr'><strong>me</strong></span> <span class='ocrx_word' id='word_1_190' title='bbox 555 2508 700 2575; x_wconf 86' lang='lat' dir='ltr'><strong>fratremque</strong></span> <span class='ocrx_word' id='word_1_191' title='bbox 710 2512 807 2561; x_wconf 82' lang='lat' dir='ltr'><strong>necavit</strong></span> <span class='ocrx_word' id='word_1_192' title='bbox 819 2525 828 2562; x_wconf 72' lang='lat' dir='ltr'><strong>t</strong></span> <span class='ocrx_word' id='word_1_193' title='bbox 917 2531 966 2581; x_wconf 79' lang='lat'><strong>115</strong></span> 
     </span>
     <span class='ocr_line' id='line_1_29' title="bbox 229 2580 729 2648; baseline 0.002 -16"><span class='ocrx_word' id='word_1_194' title='bbox 229 2582 261 2632; x_wconf 84' lang='lat' dir='ltr'><strong>Et</strong></span> <span class='ocrx_word' id='word_1_195' title='bbox 270 2581 325 2630; x_wconf 89' lang='lat' dir='ltr'><strong>data</strong></span> <span class='ocrx_word' id='word_1_196' title='bbox 332 2580 441 2648; x_wconf 90' lang='lat' dir='ltr'><strong>poscenti</strong></span> <span class='ocrx_word' id='word_1_197' title='bbox 450 2613 457 2638; x_wconf 92' lang='lat'><strong><em>‚</em></strong></span> <span class='ocrx_word' id='word_1_198' title='bbox 468 2596 555 2630; x_wconf 87' lang='lat' dir='ltr'><strong>nomen</strong></span> <span class='ocrx_word' id='word_1_199' title='bbox 563 2581 634 2632; x_wconf 86' lang='lat' dir='ltr'><strong>inane</strong></span> <span class='ocrx_word' id='word_1_200' title='bbox 643 2615 650 2640; x_wconf 93' lang='lat'>,</span> <span class='ocrx_word' id='word_1_201' title='bbox 660 2581 729 2633; x_wconf 77' lang='lat' dir='ltr'><strong>sides.</strong></span> 
     </span>
     <span class='ocr_line' id='line_1_30' title="bbox 197 2652 807 2722; baseline 0.005 -19"><span class='ocrx_word' id='word_1_202' title='bbox 197 2654 223 2703; x_wconf 93' lang='lat' dir='ltr'><strong>ln</strong></span> <span class='ocrx_word' id='word_1_203' title='bbox 232 2670 271 2703; x_wconf 91' lang='lat' dir='ltr'><strong>me</strong></span> <span class='ocrx_word' id='word_1_204' title='bbox 281 2652 392 2719; x_wconf 85' lang='lat' dir='ltr'><strong>jurarunt</strong></span> <span class='ocrx_word' id='word_1_205' title='bbox 402 2653 495 2703; x_wconf 88' lang='lat' dir='ltr'><strong>somnus</strong></span> <span class='ocrx_word' id='word_1_206' title='bbox 505 2687 512 2712; x_wconf 91' lang='lat'>,</span> <span class='ocrx_word' id='word_1_207' title='bbox 524 2666 658 2721; x_wconf 83' lang='lat' dir='ltr'><strong>ventusque</strong></span> <span class='ocrx_word' id='word_1_208' title='bbox 671 2654 807 2722; x_wconf 72' lang='lat' dir='ltr'><strong>,fidesque-</strong></span> 
     </span>
     <span class='ocr_line' id='line_1_31' title="bbox 144 2726 716 2793; baseline 0.002 -17"><span class='ocrx_word' id='word_1_209' title='bbox 144 2783 147 2792; x_wconf 41' lang='grc'><strong>,</strong></span> <span class='ocrx_word' id='word_1_210' title='bbox 231 2726 331 2776; x_wconf 90' lang='lat' dir='ltr'><strong>Prodita</strong></span> <span class='ocrx_word' id='word_1_211' title='bbox 341 2726 389 2776; x_wconf 90' lang='lat' dir='ltr'><strong>sum</strong></span> <span class='ocrx_word' id='word_1_212' title='bbox 399 2727 476 2776; x_wconf 89' lang='lat' dir='ltr'><strong>causis</strong></span> <span class='ocrx_word' id='word_1_213' title='bbox 487 2745 532 2776; x_wconf 88' lang='lat' dir='ltr'><strong>una</strong></span> <span class='ocrx_word' id='word_1_214' title='bbox 541 2730 621 2793; x_wconf 90' lang='lat' dir='ltr'><strong>puella</strong></span> <span class='ocrx_word' id='word_1_215' title='bbox 630 2730 716 2777; x_wconf 88' lang='lat' dir='ltr'><strong>tribus.</strong></span> 
     </span>
     <span class='ocr_line' id='line_1_32' title="bbox 144 2798 840 2867; baseline -0.003 -18"><span class='ocrx_word' id='word_1_216' title='bbox 144 2823 146 2834; x_wconf 88' lang='grc'><strong><em>·</em></strong></span> <span class='ocrx_word' id='word_1_217' title='bbox 199 2800 262 2867; x_wconf 84' lang='lat' dir='ltr'><strong>Ergo</strong></span> <span class='ocrx_word' id='word_1_218' title='bbox 273 2815 321 2867; x_wconf 82' lang='lat' dir='ltr'><strong>ego</strong></span> <span class='ocrx_word' id='word_1_219' title='bbox 331 2816 381 2848; x_wconf 89' lang='lat' dir='ltr'><strong>non</strong></span> <span class='ocrx_word' id='word_1_220' title='bbox 390 2800 506 2866; x_wconf 83' lang='lat' dir='ltr'><strong>lacrymas</strong></span> <span class='ocrx_word' id='word_1_221' title='bbox 516 2802 597 2851; x_wconf 86' lang='lat' dir='ltr'><strong>matris</strong></span> <span class='ocrx_word' id='word_1_222' title='bbox 606 2802 723 2849; x_wconf 87' lang='lat' dir='ltr'><strong>moritura</strong></span> <span class='ocrx_word' id='word_1_223' title='bbox 734 2798 840 2847; x_wconf 84' lang='lat' dir='ltr'><strong>videbo:</strong></span> 
     </span>
     <span class='ocr_line' id='line_1_33' title="bbox 232 2867 974 2939; baseline -0.004 -18"><span class='ocrx_word' id='word_1_224' title='bbox 232 2875 303 2932; x_wconf 86' lang='lat' dir='ltr'><strong>Nec,</strong></span> <span class='ocrx_word' id='word_1_225' title='bbox 316 2889 370 2922; x_wconf 90' lang='lat' dir='ltr'><strong>mea</strong></span> <span class='ocrx_word' id='word_1_226' title='bbox 379 2872 420 2938; x_wconf 92' lang='lat' dir='ltr'><strong>qui</strong></span> <span class='ocrx_word' id='word_1_227' title='bbox 430 2873 516 2939; x_wconf 87' lang='lat' dir='ltr'><strong>digitus</strong></span> <span class='ocrx_word' id='word_1_228' title='bbox 526 2873 614 2922; x_wconf 88' lang='lat' dir='ltr'><strong>lumina</strong></span> <span class='ocrx_word' id='word_1_229' title='bbox 622 2871 726 2927; x_wconf 90' lang='lat' dir='ltr'><strong>condat,</strong></span> <span class='ocrx_word' id='word_1_230' title='bbox 737 2870 782 2919; x_wconf 90' lang='lat' dir='ltr'><strong>erit</strong></span> <span class='ocrx_word' id='word_1_231' title='bbox 793 2867 804 2918; x_wconf 72' lang='grc' dir='ltr'><strong><em>ἓ</em></strong></span> <span class='ocrx_word' id='word_1_232' title='bbox 921 2892 974 2935; x_wconf 77' lang='lat'><strong>120</strong></span> 
     </span>
     <span class='ocr_line' id='line_1_34' title="bbox 202 2942 733 3012; baseline -0.002 -19.098"><span class='ocrx_word' id='word_1_233' title='bbox 202 2945 299 3012; x_wconf 86' lang='lat' dir='ltr'><strong>Spiritus</strong></span> <span class='ocrx_word' id='word_1_234' title='bbox 310 2944 394 2996; x_wconf 84' lang='lat' dir='ltr'><strong>infelix</strong></span> <span class='ocrx_word' id='word_1_235' title='bbox 407 2946 547 3012; x_wconf 80' lang='lat' dir='ltr'><strong>peregrinas</strong></span> <span class='ocrx_word' id='word_1_236' title='bbox 556 2943 600 2990; x_wconf 90' lang='lat' dir='ltr'><strong>ibit</strong></span> <span class='ocrx_word' id='word_1_237' title='bbox 610 2942 635 2989; x_wconf 90' lang='lat' dir='ltr'><strong>in</strong></span> <span class='ocrx_word' id='word_1_238' title='bbox 645 2957 714 2990; x_wconf 83' lang='lat' dir='ltr'><strong>auras</strong></span> <span class='ocrx_word' id='word_1_239' title='bbox 725 2957 733 2992; x_wconf 74' lang='lat' dir='ltr'><strong>t</strong></span> 
     </span>
     <span class='ocr_line' id='line_1_35' title="bbox 235 3013 752 3085; baseline -0.002 -18"><span class='ocrx_word' id='word_1_240' title='bbox 235 3019 288 3067; x_wconf 86' lang='lat' dir='ltr'><strong>Nec</strong></span> <span class='ocrx_word' id='word_1_241' title='bbox 300 3018 393 3085; x_wconf 88' lang='lat' dir='ltr'><strong>positos</strong></span> <span class='ocrx_word' id='word_1_242' title='bbox 404 3030 469 3068; x_wconf 88' lang='lat' dir='ltr'><strong>artus</strong></span> <span class='ocrx_word' id='word_1_243' title='bbox 478 3028 554 3083; x_wconf 81' lang='lat' dir='ltr'><strong>unget</strong></span> <span class='ocrx_word' id='word_1_244' title='bbox 564 3013 640 3062; x_wconf 88' lang='lat' dir='ltr'><strong>amica</strong></span> <span class='ocrx_word' id='word_1_245' title='bbox 649 3028 731 3066; x_wconf 87' lang='lat' dir='ltr'><strong>manus</strong></span> <span class='ocrx_word' id='word_1_246' title='bbox 741 3013 752 3065; x_wconf 72' lang='lat'><strong>,²</strong></span> 
     </span>
     <span class='ocr_line' id='line_1_36' title="bbox 201 3082 818 3158; baseline 0.002 -17"><span class='ocrx_word' id='word_1_247' title='bbox 201 3089 257 3141; x_wconf 84' lang='lat' dir='ltr'><strong>Ossa</strong></span> <span class='ocrx_word' id='word_1_248' title='bbox 267 3091 430 3158; x_wconf 89' lang='lat' dir='ltr'><strong>superslabunt</strong></span> <span class='ocrx_word' id='word_1_249' title='bbox 439 3091 553 3138; x_wconf 86' lang='lat' dir='ltr'><strong>volucres</strong></span> <span class='ocrx_word' id='word_1_250' title='bbox 568 3086 689 3135; x_wconf 85' lang='lat' dir='ltr'><strong>inhumata</strong></span> <span class='ocrx_word' id='word_1_251' title='bbox 701 3090 795 3141; x_wconf 73' lang='lat' dir='ltr'><strong>marine</strong></span> <span class='ocrx_word' id='word_1_252' title='bbox 805 3082 818 3142; x_wconf 67' lang='grc' dir='ltr'><strong><em>ἓ</em></strong></span> 
     </span>
     <span class='ocr_line' id='line_1_37' title="bbox 237 3159 744 3231; baseline 0.006 -17"><span class='ocrx_word' id='word_1_253' title='bbox 237 3163 296 3217; x_wconf 79' lang='lat' dir='ltr'><strong>blec</strong></span> <span class='ocrx_word' id='word_1_254' title='bbox 305 3164 358 3217; x_wconf 88' lang='lat' dir='ltr'><strong>sunt</strong></span> <span class='ocrx_word' id='word_1_255' title='bbox 369 3161 457 3219; x_wconf 78' lang='lat' dir='ltr'><strong>officiis</strong></span> <span class='ocrx_word' id='word_1_256' title='bbox 467 3161 540 3231; x_wconf 77' lang='lat' dir='ltr'><strong>digua</strong></span> <span class='ocrx_word' id='word_1_257' title='bbox 550 3159 659 3227; x_wconf 87' lang='lat' dir='ltr'><strong>scpulcra</strong></span> <span class='ocrx_word' id='word_1_258' title='bbox 667 3161 744 3216; x_wconf 63' lang='lat' dir='ltr'><strong>meisi</strong></span> 
     </span>
    </p>
   </div>
   <div class='ocr_carea' id='block_1_3' title="bbox 0 0 1228 3892">
    <p class='ocr_par' dir='ltr' id='par_1_3' title="bbox 0 0 1228 3892">
     <span class='ocr_line' id='line_1_38' title="bbox 0 0 1228 3892; baseline 0 0"><span class='ocrx_word' id='word_1_259' title='bbox 0 0 1228 3892; x_wconf 95' lang='lat' dir='ltr'><strong> </strong></span> 
     </span>
    </p>
   </div>
  </div>
 </body>
</html>
