2392 3892
282 396 329 467 16
386 396 427 464 P.
456 396 641 468 Omra
668 400 890 469 Nasonrs

278 515 316 565 Te
332 529 388 566 tuus
400 518 440 568 ille
452 520 534 586 rigor,
547 519 668 585 positique
680 520 730 567 sine
741 532 792 568 arte
805 520 901 587 capilli,

315 590 346 639 Et
358 592 417 639 levis
430 595 529 660 egregio
542 592 618 657 pulvis
630 593 654 640 in
665 608 708 640 ore
719 592 801 642 decet.

278 661 335 711 Sive
345 663 435 714 ferocis
446 667 501 730 equi
512 664 624 714 luflantia
635 665 697 713 colla
707 681 821 717 recurvas
830 681 840 725 ς

232 732 267 783 80
314 735 410 804 Exiguo
418 737 496 787 ssexos
507 738 579 787 miror
589 737 613 785 in
624 737 683 786 orbe
694 737 780 802 ped'es.

278 807 327 857 Seu
339 808 428 861 vallum
440 812 519 860 valido
533 822 634 876 torques
647 809 728 859 hastile
739 813 835 861 lacerto
840 826 852 871 3

317 880 368 932 Ora
379 882 448 933 ferox
459 883 483 932 in
494 884 517 933 se
528 883 595 932 verla
606 884 711 933 lacertus
721 884 805 933 habet.

280 953 338 1003 Sive
349 968 418 1007 tenes
430 957 481 1006 lato'
489 958 608 1005 venabula
619 973 708 1005 cornea
718 957 801 1015 ferro;

315 1028 428 1094 Denique
439 1061 447 1086 ‚
460 1028 537 1077 nostra
546 1027 615 1092 juvat
625 1029 714 1077 lumina
724 1062 733 1087 ,
744 1028 855 1095 quicquid
865 1045 933 1098 agas·

234 1088 266 1153 85
278 1100 319 1150 Tu
331 1101 403 1151 modo
414 1102 525 1151 duritiem
535 1101 600 1150 silvis
612 1101 707 1167 depone
717 1100 810 1168 jugosis
824 1117 833 1151 ι

316 1175 373 1223 Non
387 1173 435 1223 sum
447 1172 547 1222 materib
556 1172 626 1240 digna
636 1174 715 1239 perire
726 1174 777 1224 tub.

280 1244 349 1309 Quid
359 1245 426 1311 juvat
436 1246 545 1296 incinllae
560 1245 633 1295 studia
644 1262 760 1296 exercere
773 1245 877 1308 Dianae,

317 1319 349 1368 Et
359 1319 454 1371 Veneri
467 1336 579 1370 numeros
590 1319 699 1385 eripuisse
709 1320 763 1369 suos
775 1318 786 1369 ἓ

282 1391 357 1457 Quod
369 1407 436 1443 caret
447 1392 538 1443 alterni
548 1394 650 1459 requie,
660 1393 766 1442 durabile
778 1392 879 1443 nonest.

232 1470 267 1522 90
317 1465 376 1515 Haec
387 1480 482 1532 reparat
492 1467 573 1521 vires,
585 1464 689 1530 fessaque
700 1467 804 1515 membra
816 1478 903 1516 novat.

280 1538 373 1598 Arcus,
387 1538 397 1603 (
409 1540 507 1589 &arma
517 1552 565 1588 tuae
575 1538 618 1587 tibi
630 1537 682 1587 sunt
691 1538 803 1587 imitanda
811 1538 898 1588 Dianae
905 1540 933 1606 ‚)

317 1612 342 1660 Si
353 1628 477 1677 numquam
489 1610 563 1661 celles
573 1610 675 1661 tendere
685 1642 693 1668 ‚
703 1611 781 1661 mollis
793 1612 846 1661 erit.

280 1684 366 1734 Clarus
383 1699 435 1734 erat
445 1685 510 1734 silvis
523 1684 659 1750 Cephalus,
672 1685 801 1751 multaeque
809 1701 853 1751 per
863 1686 965 1735 herbam

319 1756 483 1807 Conciderant
492 1791 500 1816 ,
508 1757 724 1822 illopercutiente‚
736 1757 795 1807 ferae
804 1773 811 1807 t

233 1843 266 1895 95
282 1831 336 1879 Nec
350 1843 430 1880 tamen
443 1831 546 1881 Aurorae
559 1831 621 1879 male
632 1830 655 1879 se
665 1831 786 1895 praebebat
796 1830 931 1880 amandum.

317 1904 370 1953 lbat
381 1903 410 1951 ad
424 1905 487 1972 hunc
501 1903 591 1968 sapiens
606 1903 688 1953 aseae
701 1904 765 1952 Diva
779 1904 842 1953 viro.

280 1974 367 2040 Saepe,
383 1975 424 2026 sub
438 1977 531 2026 ilicibus
541 1977 666 2025 Venerem
677 1974 814 2043 Cinyraque
826 1989 952 2037 creatum,

317 2049 429 2099 Sustinuit
441 2050 534 2115 positos
549 2049 662 2114 quaelibet
675 2049 749 2097 herba
762 2050 833 2101 duos.

279 2122 347 2173 Arsit
359 2124 383 2173 δι
394 2122 492 2173 OEnides
504 2123 529 2171 in
542 2122 655 2171 Maenalia
665 2120 788 2172 Atalanta.

182 2233 185 2237 ι
218 2197 267 2248 1'00
316 2197 359 2247 Illa
370 2197 428 2247 ferae
438 2196 554 2265 spolium,
567 2195 651 2262 pignus
663 2196 749 2245 amoris
759 2230 766 2253 ,
778 2196 860 2263 habet.

280 2272 333 2320 Nos
344 2287 440 2336 quoque
452 2270 499 2337 jam
509 2267 609 2335 primiim
619 2269 689 2318 turba
700 2285 852 2317 numeremur
862 2268 886 2315 in
898 2266 952 2321 ista.

317 2343 341 2392 Si
352 2343 474 2393 Venerem
486 2343 566 2399 tollis,
581 2339 665 2389 rustica
680 2341 739 2388 silva
749 2352 789 2387 tua
801 2338 844 2388 est.

280 2417 330 2481 Ipsa
346 2430 427 2463 comes
438 2414 532 2462 veniam
547 2430 554 2462 ε
569 2428 614 2461 nec
625 2428 663 2461 me
674 2412 789 2460 salebrosa
799 2411 932 2461 movebunt

316 2488 377 2536 Saxa
388 2519 395 2543 ,
411 2502 457 2535 nec
469 2486 566 2550 obliquo
579 2485 651 2533 dente
662 2482 780 2533 timendus
790 2500 857 2549 aper.

217 2583 266 2633 105
279 2564 385 2625 AEquora
395 2558 449 2607 bina
460 2558 508 2607 suis
520 2568 659 2623 oppugnant
669 2556 777 2605 llutlibus
789 2554 913 2617 lllhmon,

315 2633 346 2682 Et
357 2632 436 2682 tenuis
450 2631 522 2680 tellus
537 2631 603 2679 audit
616 2641 743 2694 utrumque
758 2645 833 2681 mare.

195 2733 198 2737 ⁴
279 2704 328 2756 Hic
338 2718 419 2756 tecum
429 2705 549 2754 Troezena
562 2704 639 2752 colam
649 2736 657 2761 ,
669 2701 774 2752 Pittheia
785 2721 859 2772 regna
870 2720 878 2755 t

317 2779 369 2831 Jam
384 2796 446 2829 nnnc
462 2776 494 2828 ell
508 2776 584 2844 patrib
598 2775 689 2844 gratior
698 2777 738 2825 illa
754 2777 816 2827 mei.

279 2851 402 2918 Tempore
413 2851 490 2910 abest,
502 2852 626 2918 aberitque
637 2849 677 2900 diu
688 2851 823 2917 Neptunius
839 2850 933 2904 herost

218 2938 269 2975 110
316 2926 386 2975 Illum
398 2922 500 2975 Pirithoi
518 2926 611 2975 detinet
624 2941 666 2974 ora
677 2924 721 2974 sui.
742 2946 746 2953 ·

280 2997 412 3063 Praeposuit
424 2997 533 3048 Theseus
548 2996 559 3062 (
568 2999 612 3047 nisi
622 2998 641 3047 si
651 2994 770 3045 manifesta
780 2993 914 3063 negamus)

317 3067 451 3123 Pirithoiim
463 3068 587 3133 Plaaedraea
601 3068 779 3136 Pirithoumque
789 3064 846 3144 ‘ihil

458 3361 476 3400 Ι
