2392 3892
307 473 379 545 160
430 471 639 543 Ονιυιι
664 469 947 543 Aaronom

304 593 357 642 Nec
373 591 432 642 belli
447 591 480 641 eli
495 608 558 641 nova
575 592 643 641 causa
661 591 728 641 mei:
743 589 789 639 nisi
804 603 872 655 rapta
887 588 967 639 luisset.

338 665 482 731 Tyndaris,
495 665 601 730 Europa
618 681 665 731 pax
680 664 793 728 Asiaeque
809 663 887 712 foret..

303 739 401 789 I'emina
409 737 649 803 silvestresLapithas
658 771 666 795 ‚
674 737 834 803 populumque
845 734 1012 790 bimembrem,

260 822 295 857 ao
340 811 457 877 Turpiter
474 813 586 876 apposito
601 811 677 860 vertit
691 811 716 859 in
729 824 793 858 arma
805 823 885 857 mero.

303 884 401 933 Femina
416 882 538 946 Troianos
554 883 641 933 iterum
658 883 709 932 fera
724 881 788 930 bella
803 894 902 929 movere

340 956 436 1022 Impulit
452 955 475 1004 in
492 972 587 1022 regno,
606 954 665 1020 julie
680 955 785 1011 Latine,
802 964 856 1001 tuo.

303 1029 400 1079 Femina
417 1028 551 1084 Romanis,
568 1028 641 1076 etiam
658 1043 723 1077 nunc
740 1027 808 1075 Urbe
825 1022 939 1082 recenti,

338 1100 437 1150 Immisit
453 1100 568 1155 soceros,
587 1114 698 1163 annaque
714 1098 775 1147 seva
793 1096 870 1146 dedit.

259 1186 291 1234 25
304 1173 361 1225 Vidi
378 1188 425 1237 ego
441 1186 485 1236 pro
503 1170 572 1219 nivea
587 1182 722 1236 pugnantes
739 1166 844 1233 conjuge
860 1179 968 1219 taurost

337 1243 471 1309 spectatrix
487 1243 583 1292 animos.
594 1242 642 1309 ipsa
658 1241 761 1307 juvenca
777 1240 860 1288 dabat.
975 1289 980 1297 ¹

301 1316 347 1368 Me
357 1332 452 1383 quoque
463 1330 516 1365 curn
529 1316 627 1374 multis,
645 1315 686 1364 ied
697 1332 735 1364 me
748 1313 799 1364 sine
810 1311 876 1362 caede
887 1344 895 1371 ‚
910 1311 1008 1379 Cupido

338 1389 413 1443 lussit
429 1389 519 1439 militiae
535 1388 602 1457 signa
619 1404 719 1439 movere
736 1387 792 1437 suae.

333 1492 780 1574 c--==u„“³{l·=...„
956 1513 977 1551 s

431 1614 683 1679 ELEGIA
735 1614 875 1677 XIII.

299 1708 369 1821 D
374 1785 393 1821 υ
402 1786 425 1821 Μ
443 1774 570 1825 labefaiiat
581 1790 642 1825 onus
653 1772 744 1841 gravidi
758 1772 884 1823 temeraria
896 1770 987 1823 ventris
998 1779 1010 1832 5

336 1843 364 1890 ln
381 1844 453 1893 dubio
466 1846 525 1895 vitae
540 1847 594 1895 laisa
612 1847 718 1895 Corinna
732 1845 808 1912 jacet.

298 1913 343 1962 Illa
358 1915 472 1980 quidem,
491 1919 552 1967 clam
567 1934 610 1967 me
620 1930 713 1968 tanturn
730 1918 813 1967 molita
829 1916 936 1982 pericli,

333 1985 372 2035 tra
390 1987 460 2055 digna
475 1989 529 2039 mei
545 2006 553 2039 a
572 1990 613 2041 sed
629 1989 694 2040 cadit
709 1990 743 2039 ira
759 2002 835 2040 metu.

275 2058 349 2123 5Set
362 2073 443 2111 tarnen
458 2074 498 2111 aut
513 2079 545 2113 err
560 2080 598 2112 me
615 2074 782 2129 conceperat,
798 2073 841 2112 aut
854 2078 901 2129 ego
916 2062 1009 2113 credo:

334 2131 372 2181 Eli
390 2133 447 2183 mibi
464 2152 509 2202 pro
528 2135 590 2186 fauo
609 2136 693 2203 saepe,
713 2136 779 2203 quorl
794 2133 841 2184 effe
857 2134 945 2200 potest.

285 2203 350 2263 Isi,
370 2204 531 2259 ParaetonIum
549 2209 698 2277 genialiaque
715 2226 771 2258 arva
790 2207 883 2272 Canopi

337 2278 401 2341 Quae
412 2281 488 2339 colis,
503 2282 529 2331 bt
539 2282 666 2347 Memphin
676 2282 869 2347 palmiferamque
881 2278 996 2337 Pharon,

296 2348 400 2415 Quique
417 2355 483 2402 celer
500 2354 589 2413 Nilus,
606 2356 657 2403 lato
672 2353 773 2418 dilapsus
790 2352 819 2400 ab
834 2351 926 2409 alveo,
990 2346 1001 2404 ⁸,

253 2430 299 2471 ιο.
332 2420 378 2470 Per
393 2421 487 2487 septem·
502 2438 587 2490 portus
604 2426 629 2474 in
643 2425 714 2474 maris
731 2424 781 2472 exit
797 2438 868 2487 aquas
883 2439 892 2479 3

295 2490 342 2542 Per
357 2504 399 2542 tua
414 2495 479 2542 sistra
493 2512 600 2559 precor,
619 2512 662 2560 per
672 2495 794 2545 Anubidis.
807 2512 850 2543 ora
867 2494 990 2549 verendit

331 2564 369 2614 Sic
385 2577 426 2616 tua
442 2565 506 2616 facta
521 2568 575 2632 pius
591 2568 683 2633 semper
699 2568 777 2618 Osiris
796 2580 860 2616 amet
870 2578 892 2625 ,s

292 2636 411 2705 Pigraque
426 2640 519 2689 labatur
537 2640 601 2689 circa
615 2640 714 2690 donaria
732 2641 849 2706 serpens,

330 2712 362 2764 Iit
378 2728 460 2765 comes
475 2713 500 2763 in
516 2730 603 2779 pompa
619 2715 733 2782 corniger
750 2714 809 2780 Apis
826 2725 886 2763 eat:

251 2797 281 2847 15
293 2784 349 2834 Huc
365 2785 450 2836 adhibe
465 2788 568 2846 vultus;
590 2787 616 2838 ὅ(
633 2788 657 2837 in
673 2806 721 2837 una
737 2804 809 2853 parce
827 2786 933 2837 duobus.

330 2859 392 2907 Nam
409 2860 482 2909 vitam
501 2861 603 2914 dorninae
618 2872 645 2911 tu
662 2862 745 2920 dabis;
766 2862 806 2909 illa
822 2856 888 2907 nihi.

293 2928 365 2994 Saepe
383 2932 427 2981 tibi
444 2933 504 2982 sedit
524 2935 596 2983 certis
615 2946 714 2998 operata
730 2933 834 2988 diebus,

330 3002 386 3065 Quis
401 3004 474 3072 cingit
489 3006 681 3057 lauros.Gallica
698 3018 773 3054 turma
790 3014 855 3051 tuas..

292 3073 381 3139 Tuque
398 3077 536 3129 laborantes
554 3089 625 3127 utero
642 3076 749 3125 miserata
765 3075 876 3141 puellas,

247 3160 281 3197 ao
332 3145 441 3212 Quarum
458 3149 526 3214 tarda
541 3152 619 3205 latens
634 3164 738 3217 corpora
753 3147 832 3200 tendit
847 3162 933 3220 cause
