2392 3892
315 467 391 540 226
441 465 651 534 Omma
680 463 934 533 Naroma

315 585 392 651 Quod
399 584 516 635 Phoebum
525 583 621 642 decuit,
629 598 700 649 quem
709 598 759 632 non
768 584 841 634 decet
848 582 860 633 i
868 601 932 635 exue
941 585 1023 649 sallus,¹

352 659 442 709 Curam
457 656 558 707 mansuri
574 656 678 722 quisquis
695 657 782 706 amoris
800 658 886 708 babet.

315 732 342 781 Si
357 732 401 781 tibi
416 747 460 797 per
474 742 553 781 tutum
567 731 712 796 planumque
729 731 854 797 negabitur
870 732 928 790 ire,

352 804 434 871 Atque
451 804 497 853 etit
511 802 623 869 appositi
638 801 708 866 janua
724 803 784 851 suita
798 802 871 861 ser55

254 892 304 943 245
316 880 351 929 At
365 891 392 927 tu
407 894 450 943 pet
464 893 572 943 praeceps
586 875 652 925 telio
669 876 783 927 delabere
798 885 909 943 apertos

351 951 406 1002 Det
421 966 516 1018 quoque
533 949 634 999 furtivas
650 950 697 1000 alta
715 948 816 999 senellra
832 950 894 1004 vias.

315 1024 384 1075 Laeta
401 1026 467 1080 erit,
483 1034 511 1072 ut
527 1019 620 1072 causam
634 1021 678 1070 tibi
694 1021 794 1071 sesciet
810 1021 858 1072 esle
872 1018 960 1090 pericli
970 1021 996 1077 ι’
1018 1050 1020 1056 ·

352 1097 408 1147 Hoc
426 1094 528 1147 dominae
543 1095 604 1145 certi
619 1094 705 1161 pignus
721 1095 809 1145 amoris
825 1096 882 1145 erit.

316 1170 385 1235 Saepe
401 1168 443 1219 tui
457 1180 577 1233 poteras,
594 1167 724 1226 Leandre,
742 1184 827 1218 carere
842 1167 946 1234 puelli:

161 1295 163 1299 ,
252 1256 307 1305 250
352 1242 494 1299 Tranabas‚
514 1241 618 1290 animum
635 1239 713 1290 nosset
729 1252 757 1289 ut
772 1241 813 1290 illa
827 1253 918 1292 tuum:

314 1313 369 1365 Nec'
382 1316 462 1383 pudor
477 1313 595 1373 ancillae,
610 1324 638 1365 ut
652 1315 755 1381 quaeque
770 1314 817 1364 eri-t
832 1315 918 1365 ordine
931 1312 1023 1380 primaj

351 1390 406 1439 Nec
421 1388 466 1439 tibi
482 1387 513 1438 sit
530 1389 613 1438 servos
630 1386 769 1438 demeruisse
784 1388 874 1451 pudor.

315 1462 420 1513 Nomine
438 1477 557 1530 quemque
571 1461 633 1520 suo,
649 1462 713 1511 nulla
727 1459 761 1510 eli
774 1458 883 1526 indura,
902 1460 999 1513 salutar

352 1534 431 1603 lunge
446 1535 494 1587 tuis
510 1534 636 1593 humiles,
649 1532 792 1592 ambitiose,
808 1550 904 1584 manus.

253 1620 304 1674 255
315 1608 364 1659 Sed
381 1621 462 1659 tamen
480 1607 506 1658 δι
522 1606 611 1666 servo,
632 1607 693 1657 levit
710 1606 744 1656 est
759 1605 885 1673 impensa,
903 1606 1001 1675 roganti

253 1673 256 1678 ’
351 1679 451 1749 Porrige
465 1681 568 1731 fortune
582 1696 681 1739 munera
696 1696 770 1745 parra
785 1691 844 1730 tuae.

314 1752 414 1821 Porrige
433 1754 459 1805 δι
473 1753 584 1813 ancillae,
603 1752 649 1819 qui
665 1769 748 1819 poenas
764 1753 819 1802 luce
835 1752 954 1819 pependit

352 1826 413 1875 Lusa
429 1827 530 1876 maritali
546 1825 641 1877 Gallica
657 1824 722 1875 veste
738 1842 829 1874 manue.

312 1898 359 1947 Fac
369 1900 465 1963 plebem
477 1931 484 1955 ,
500 1897 641 1946 mihicrede
652 1930 662 1955 ,
678 1909 743 1946 tuam
756 1912 764 1946 ε
775 1897 806 1947 sit
817 1896 911 1962 semper
922 1899 948 1948 in
958 1898 999 1948 illa

251 1969 302 2019 260
348 1969 463 2029 ianitor,
479 1970 504 2022 ὃ(
520 1968 620 2018 thalami
635 1968 678 2035 qui
690 1967 756 2032 jacet
770 1979 827 2018 ante
844 1969 923 2020 sores.

311 2044 366 2093 Nec
384 2043 503 2112 dominam
515 2040 591 2110 'jubeo
607 2041 715 2108 pretioso
732 2058 832 2092 munere
850 2044 949 2097 dones:

347 2115 442 2176 Parva,
461 2116 502 2167 sed
518 2115 628 2183 epatris
644 2114 743 2166 callidus
757 2127 813 2181 apta
828 2115 895 2167 dato.

254 2246 256 2250 ,
310 2190 377 2241 Dum
392 2192 455 2241 bene
471 2191 539 2241 dives
554 2205 630 2258 ager,
648 2189 704 2239 dum
718 2189 778 2238 rami
791 2189 900 2255 pondere
916 2200 1024 2251 mrtautg

347 2261 441 2313 afferat
456 2264 482 2315 in
494 2263 593 2329 ‚calatho
609 2261 693 2312 ntsiica
711 2262 773 2311 dona
790 2278 860 2328 puer.

248 2336 299 2397 265
311 2335 377 2387 Rure
392 2337 526 2386 suburbano
540 2336 633 2401 poterit
651 2334 694 2384 tibi
709 2334 791 2384 dicere
807 2334 893 2392 missa3

347 2410 392 2458 Illa
406 2411 448 2460 vel
463 2410 488 2459 in
501 2410 574 2459 Sacra
591 2409 641 2459 sint
655 2407 714 2457 licet
730 2418 793 2457 emta
809 2406 868 2460 Via.

309 2479 403 2531 Afferat
417 2494 458 2531 aut
472 2496 551 2537 uvas,
570 2492 612 2528 aut
626 2495 684 2545 quas
698 2479 827 2545 Amaryllis
843 2481 960 2535 amabat}

344 2552 379 2602 At
395 2569 459 2602 nune
473 2550 595 2604 'eadaueat
613 2567 663 2599 nou
678 2563 743 2600 amat
757 2552 797 2600 illa
813 2570 899 2603 nutes.

310 2625 376 2691 Quin
392 2626 464 2676 etiam
481 2625 602 2692 turdoque
618 2624 677 2675 sicet
690 2622 807 2692 missique
826 2625 919 2676 toroni

247 2715 300 2765 270
345 2700 384 2769 Te
400 2714 531 2751 memorem
547 2697 649 2749 dominae
665 2697 794 2750 testificere
809 2711 868 2751 tuae.

226 2764 230 2773 ’
308 2773 425 2839 Turpiter
440 2774 477 2825 his
494 2773 582 2823 emitur
596 2773 648 2840 spes
663 2772 767 2833 mortis,
786 2773 811 2824 &
827 2776 885 2824 orba
899 2772 1022 2824 senediue.

335 2847 384 2896 ‘Ab
399 2847 543 2914 l'pereant,
557 2864 602 2914 per
617 2862 678 2914 quot
696 2842 794 2897 munera
810 2847 899 2897 crimen
915 2845 1018 2898 habent.

308 2916 377 2981 Quid
387 2921 431 2969 tibi
441 2921 576 2987 praecipiam
586 2932 687 2972 teneros
697 2936 794 2987 quoque
804 2919 899 2967 mittere
910 2918 992 2969 versus
1005 2918 1019 2970 ἓ

344 2992 393 3040 Hei
408 2994 464 3043 mihi
482 2993 491 3042 l
506 3011 555 3044 non
573 2996 678 3047 multum
688 3008 782 3041 carmen
798 2990 895 3039 honoris
911 2988 1000 3044 habet.

246 3077 279 3127 27
284 3076 296 3125 5
310 3062 419 3113 Carmina
436 3067 586 3117 laudantur:
603 3067 642 3116 sed
656 3079 753 3113 munera
769 3079 854 3129 magna
870 3075 1001 3128 petuntur.

343 3135 484 3189 Dummodo
500 3140 532 3191 sit
549 3139 639 3205 dives*
654 3136 767 3188 barbarus
783 3135 833 3203 ipse
849 3139 945 3206 platee.
