2392 3892
564 764 666 854 76
759 756 843 829 P.
905 756 1279 828 OVIDII
1327 760 1758 842 ΝΛεοΝι-,ς

554 881 642 932 Da
660 873 804 927 modo
821 887 873 925 te
890 891 908 934 3
928 894 1033 942 quae
1050 877 1111 925 sit
1128 875 1285 926 Paridi
1307 878 1566 931 constantia
1586 916 1602 940 ,
1625 885 1815 936 nosces.

634 953 839 1012 Flamma
862 950 969 1016 rogi
988 949 1195 1000 flammas
1213 948 1347 1000 finiet
1365 966 1460 1000 una
1488 971 1639 1005 meas·

560 1023 804 1091 Praeposui
820 1024 980 1090 regnis
1001 1039 1096 1089 ego
1115 1034 1165 1073 te
1185 1055 1202 1082 ‚
1224 1040 1328 1089 quae
1344 1026 1545 1076 maxima
1557 1031 1799 1093 quondam

633 1096 855 1149 Pollicita
877 1094 946 1146 est
965 1096 1101 1146 nobis
1126 1109 1275 1162 nupta
1292 1096 1524 1165 sororque
1545 1100 1574 1151 J
1579 1102 1704 1151 ovis.

440 1192 461 1228 1
473 1176 502 1227 6
511 1191 536 1240 5
560 1172 791 1239 Dumque
812 1180 898 1219 tuo
917 1167 1096 1234 poss'em
1114 1168 1410 1220 circumdare
1429 1173 1619 1221 brachia
1641 1176 1774 1224 collo
1791 1207 1811 1236 ,

632 1245 894 1296 Contemta
917 1240 984 1292 est
1005 1241 1157 1291 virtus
1172 1275 1188 1301 ‚
1211 1241 1406 1293 Pallade
1429 1245 1574 1294 dante
1590 1278 1604 1304 ‚
1623 1248 1756 1296 mihi.

556 1321 606 1370 N
611 1336 668 1369 ec
688 1318 824 1385 piget
841 1334 860 1373 3
882 1327 966 1364 aut
984 1331 1207 1379 umquam
1232 1314 1370 1366 stulte
1388 1317 1549 1383 legiffe
1569 1320 1774 1371 videbor
1796 1335 1818 1371 2

628 1392 884 1441 Permanet
900 1388 949 1437 in
966 1399 1088 1436 voto
1111 1404 1247 1437 mens
1263 1404 1370 1437 mea
1387 1387 1522 1439 firma
1544 1390 1649 1448 suo.

556 1466 702 1532 Spem
721 1459 865 1514 modo
885 1476 946 1508 ne
961 1458 1171 1510 nostram
1185 1458 1292 1509 fieri
1309 1461 1490 1526 patiare
1512 1464 1742 1516 caducam
1758 1497 1792 1525 ‚.

439 1556 539 1606 170
631 1537 708 1585 Te
727 1549 930 1601 precor,
954 1530 986 1581 ὃ
1013 1530 1025 1580 !
1048 1543 1186 1583 tanto
1210 1531 1353 1600 digna
1370 1535 1537 1585 labore
1561 1538 1684 1603 peti.

549 1611 673 1661 Non
693 1623 788 1676 ego
809 1603 1087 1673 conjugium
1107 1606 1355 1673 generose
1375 1606 1591 1677 degener
1610 1623 1732 1677 opto
1761 1624 1790 1662 ε

629 1685 738 1732 Nec
755 1698 862 1732 mea
875 1713 892 1739 .
911 1678 1058 1729 crede
1077 1680 1190 1729 mihi
1213 1713 1229 1738 ,
1245 1680 1449 1747 turpiter
1464 1699 1588 1732 uxor
1605 1686 1722 1736 eris.

554 1755 748 1817 Pliada,
767 1756 806 1807 si
822 1770 1003 1822 quaeras
1019 1786 1035 1811 ,
1060 1753 1109 1803 in
1131 1752 1290 1803 nostra
1309 1768 1455 1820 gente
1473 1754 1750 1824 Iovemque

630 1829 853 1880 Invenies
877 1843 891 1877 t
913 1827 1098 1876 medios
1132 1838 1187 1875 ut
1210 1838 1453 1876 taceamus
1470 1844 1609 1880 avos.

438 1922 498 1973 ¹7
509 1922 532 1970 5
557 1903 758 1967 Sceptra
772 1917 942 1968 parens
961 1899 1090 1949 Asiae
1111 1932 1126 1957 ‚
1152 1899 1247 1966 qua
1264 1900 1392 1949 nulla
1413 1900 1603 1951 beatior
1632 1919 1717 1955 ora
1734 1937 1757 1965 ‚

629 1977 820 2026 Finibus
841 1972 1081 2022 immensis
1101 1973 1183 2022 vix
1204 1973 1429 2023 obeunda
1449 1984 1610 2024 tenet.

554 2050 834 2100 Innumeras
852 2046 996 2096 urbes
1017 2078 1031 2103 ‚
1054 2057 1201 2110 atque
1220 2063 1367 2096 aurea
1383 2047 1510 2097 teila
1526 2048 1715 2100 videbis
1733 2083 1757 2111 ,

629 2122 852 2187 Quaeque
874 2118 1129 2170 suos.dicas
1151 2120 1329 2185 templa
1348 2120 1524 2170 decere
1544 2121 1709 2175 Deos,

555 2195 682 2244 Ilion
705 2194 901 2259 aspicies
919 2225 932 2250 ‚
957 2190 1234 2257 firmataque
1255 2193 1461 2244 turribus
1484 2194 1593 2244 altis

436 2268 536 2321 180
628 2268 812 2316 Moenia
830 2298 846 2324 ‚
868 2263 1092 2314 Phoebeae
1110 2264 1288 2321 strusta
1299 2282 1476 2316 canore
1496 2269 1632 2334 lyrae.

550 2339 689 2405 Quid
709 2340 797 2389 tibi
816 2338 877 2387 de
895 2338 1032 2389 turba
1050 2353 1238 2387 narrem
1255 2355 1552 2405 numeroque
1570 2341 1783 2392 virorum
1804 2337 1845 2393 ξ*

626 2414 728 2466 Vix
745 2413 975 2479 populum
995 2410 1140 2461 tellus
1162 2409 1353 2462 sustinet
1378 2412 1457 2461 illa
1474 2412 1629 2463 suum.

553 2488 837 2540 Occurrent
857 2485 1002 2536 denso
1020 2484 1106 2533 tibi
1126 2484 1348 2535 Troades
1368 2485 1552 2553 agmine
1574 2500 1751 2540 matres
1771 2502 1794 2547 3

630 2562 738 2611 Nec
763 2560 952 2627 capient
970 2557 1203 2625 Phrygias
1224 2559 1342 2608 atria
1361 2558 1512 2610 nostra
1530 2576 1697 2609 nurus.

439 2650 461 2684 1
474 2634 500 2684 8
512 2651 534 2696 5
563 2633 610 2684 O
635 2634 645 2682 !
672 2634 860 2699 quoties
882 2633 1018 2682 dices
1037 2664 1052 2690 ,
1071 2631 1231 2693 Quam
1248 2648 1431 2696 pauper
1450 2631 1635 2680 Acha'ia
1651 2632 1808 2684 nostra
1828 2636 1900 2687 est
1925 2635 1943 2691 2

631 2708 740 2756 Una
768 2706 934 2755 domus
954 2703 1134 2769 quaevis
1153 2704 1281 2751 urbis
1300 2703 1491 2751 habebit
1505 2719 1641 2767 opes.

556 2780 665 2828 Ncc
685 2778 799 2828 mihi
811 2778 880 2828 fas
893 2776 1038 2826 fuerit
1055 2774 1259 2840 Sparten
1279 2786 1590 2824 contemnere
1607 2774 1813 2829 vestram
1834 2795 1852 2832 g

630 2852 687 2901 In
705 2868 796 2917 qua
808 2862 864 2900 tu
881 2858 991 2898 nata
1006 2862 1061 2896 es
1078 2878 1093 2904 ‚
1112 2857 1245 2896 terra
1262 2845 1402 2896 beata
1427 2846 1541 2896 mihi
1559 2847 1645 2898 est.

557 2924 708 2976 Parca
732 2922 813 2974 sed
832 2921 899 2972 est
914 2920 1084 2986 Sparte
1100 2949 1117 2977 ‚
1154 2930 1210 2968 tu
1224 2918 1356 2972 cultu
1372 2918 1523 2969 divite
1543 2919 1686 2987 digna
1702 2939 1755 2975 es
1778 2940 1803 2979 a

438 3014 459 3049 ι
471 3013 538 3065 90
629 2998 709 3050 Ad
725 2998 873 3047 talem
887 2994 1085 3046 formam
1102 3008 1202 3042 non
1220 2992 1336 3042 facit
1352 2991 1435 3044 iste
1456 2994 1616 3045 locus.

556 3073 630 3123 Ha
638 3090 697 3122 nc
718 3071 891 3123 faciem
906 3068 1046 3137 largis
1065 3065 1168 3116 sine
1185 3064 1282 3116 fine
1300 3068 1544 3132 paratibus
1562 3069 1631 3120 uti
1650 3102 1670 3129 ‚

630 3145 934 3211 Deliciisque
953 3142 1096 3194 decet
1113 3141 1359 3192 luxuriare
1376 3142 1534 3193 novis.

552 3216 681 3266 cum
693 3218 855 3269 videas
869 3218 1049 3284 cultum
1066 3213 1225 3265 nostra
1243 3215 1305 3266 de
1327 3228 1471 3283 gente
1490 3216 1702 3279 virorum
1715 3248 1734 3276 ,

628 3289 838 3353 Qualem
858 3288 1160 3342 Dardanidas
1180 3289 1335 3338 credis
1357 3290 1537 3354 habere
1556 3306 1701 3339 nurus
1723 3289 1753 3340 Ρ

437 3374 457 3410 1
469 3375 498 3426 9
509 3374 533 3426 5
556 3362 638 3413 Da
656 3360 803 3412 modo
822 3375 874 3413 te
895 3362 1086 3414 facilem
1107 3376 1121 3411 τ
1147 3377 1240 3411 nec
1259 3360 1518 3427 dedignare
1534 3362 1752 3411 maritum
1771 3392 1801 3428 ‚

540 3477 545 3484 .
626 3433 758 3489 Rure
778 3433 1087 3508 Therapioeo,
1102 3444 1214 3492 nan
1232 3434 1395 3509 puella
1412 3469 1435 3506 ‚
1456 3431 1715 3504 Phrygem.
1733 3503 1738 3508 Ι
