2392 3892
367 449 393 520 6
465 454 505 517 P.
537 448 720 520 OVrrm
748 452 969 521 anonrs

366 568 381 620 J
384 586 438 628 ura,
450 568 525 628 fides,
535 570 575 619 ubi
587 587 666 629 nunc,
677 570 841 637 commissaque
852 574 952 623 dextera
963 576 1064 627 dextrae}

403 643 501 710 Quique
519 644 610 693 eratin
627 643 685 693 sallo
699 644 813 708 plurimus
830 661 873 695 ore
889 647 982 709 Deus?

366 712 490 767 Promissus
506 717 585 765 socios
602 717 642 765 ubi
658 734 722 766 nunc
736 717 882 785 Hymenaeus
893 721 917 768 in
927 738 1022 780 annos,

402 788 452 852 Qui
463 789 520 838 milri
531 787 638 857 conjugii
648 789 745 854 sponsor
755 791 781 840 ὅ(
792 791 861 841 obses
873 806 925 841 erat
937 791 948 842 i

318 869 352 921 35
366 860 413 912 Per
428 880 509 922 mare,
524 864 589 929 quod
605 875 684 913 totum
699 863 778 914 ventis
794 864 899 931 agitatur
911 867 937 916 ὅ(
947 868 1035 926 undis,

402 936 447 985 Per
462 937 527 1003 quod
543 937 605 1001 saepe
617 936 696 994 ieras,
712 954 755 1002 per
767 937 832 1002 quod
841 938 916 987 iturus
928 956 999 997 eras,

365 1008 459 1074 Perque
470 1022 539 1058 tuum
549 1010 607 1056 mihi
618 1007 713 1073 jurasti,
726 1009 770 1057 nisi
782 1009 848 1059 fissus
862 1012 887 1060 &
898 1010 938 1061 ille
952 1013 1000 1070 ell,

402 1083 505 1130 Concita
516 1082 555 1146 qui
565 1082 644 1130 ventis
658 1098 755 1147 aequora
768 1084 875 1140 mulcet,
891 1102 961 1132 avum
973 1103 979 1135 :

364 1153 410 1204 Per
425 1156 548 1205 Venerem
559 1185 566 1209 ,
581 1153 725 1219 nimiumque
735 1154 791 1201 mibi
803 1155 916 1205 facientia
926 1158 992 1218 tela,

316 1244 351 1290 40
400 1227 485 1276 Altera
495 1228 544 1276 tela
556 1242 641 1284 arcus,
655 1227 730 1275 altera
740 1227 789 1277 tela
800 1227 883 1278 laces:

364 1298 379 1352 J
381 1316 533 1365 unonemque
543 1333 551 1358 ‚
565 1299 626 1349 toris
637 1309 689 1366 quae
700 1300 813 1367 praesidet
823 1301 883 1350 alma
894 1301 999 1362 maritis,

402 1372 433 1423 Et
447 1390 490 1439 per
505 1372 620 1423 taediserae
636 1372 731 1439 mystica
742 1374 806 1424 sacra
817 1375 889 1425 Deae.

365 1445 391 1497 Si
403 1445 432 1495 de
445 1458 484 1496 tot
498 1446 559 1496 laesis
575 1446 614 1495 sua
624 1447 719 1494 numina
733 1446 831 1511 quisque
843 1448 956 1498 Deorum

400 1519 535 1577 Vindicet,
551 1520 575 1567 in
586 1535 668 1585 poenas
680 1519 794 1567 nonsatis
806 1535 867 1568 unus
879 1522 936 1571 eris.

316 1598 349 1648 45
365 1591 399 1643 At
414 1594 506 1641 laceras
522 1593 593 1641 etiam
610 1608 703 1657 puppes
718 1587 805 1641 furiosa
820 1591 914 1643 refeci:

400 1665 452 1723 Ut,
466 1663 511 1730 qus
523 1664 661 1722 desererer,
673 1663 739 1713 firma
751 1666 830 1714 carina
840 1666 915 1716 foret.

363 1738 544 1805 Remigiumque
555 1736 626 1795 dedi,
637 1754 685 1803 quo
696 1753 733 1786 me
744 1738 862 1805 fugiturus
873 1740 962 1791 abires.

400 1811 457 1861 Heu
474 1812 480 1861 !
496 1811 575 1877 patior
587 1810 644 1861 telis
658 1812 760 1860 vulnera
774 1812 834 1861 lassa
844 1811 913 1863 meis.

291 1892 296 1901 ’
362 1879 515 1936 Credidimus
526 1882 618 1932 blandis
629 1916 637 1941 ,
652 1899 753 1950 qnorum
764 1883 807 1934 tibi
818 1884 887 1952 copia
896 1920 904 1944 ,
914 1885 1013 1938 verbis:

317 1973 350 2021 50
401 1956 553 2008 Credidimus
567 1956 651 2023 generi
662 1957 843 2024 nominibusque
856 1958 914 2008 tuis.

362 2029 512 2080 Credidimus
529 2029 641 2097 lacrymis
655 2046 704 2080 :en
722 2032 747 2080 &
756 2032 793 2081 hae
809 2032 919 2080 simulare
930 2030 1064 2083 docentur?

397 2102 444 2153 Hae
454 2119 549 2170 quoque
559 2104 649 2152 habent
657 2116 737 2162 artes,
749 2103 842 2170 quique
852 2103 982 2169 jubentur,
1002 2118 1064 2155 eunt·

360 2174 408 2227 Dis
418 2193 515 2244 quoque
528 2175 671 2227 credidimus
684 2192 691 2227 τ
704 2176 752 2244 qud
760 2176 809 2242 jam
818 2189 855 2229 tot
866 2177 967 2245 pignora
978 2180 1045 2229 nobis
1056 2176 1064 2228 s

398 2249 468 2299 Parte
484 2251 537 2300 satis
551 2251 620 2317 potui
639 2250 745 2317 qualibet
758 2251 814 2300 inde
833 2252 895 2315 capi.

315 2326 346 2375 55
360 2322 413 2371 Nec
424 2339 541 2380 moveor,
553 2324 619 2389 quod
629 2335 654 2372 te
665 2323 716 2387 juvi
726 2336 845 2388 portuque
854 2325 959 2388 locoque
970 2339 979 2376 ε

397 2395 492 2445 Debuit
504 2395 551 2444 hoc
564 2395 644 2443 meriti
656 2395 743 2443 summa
755 2394 821 2443 fuisse
836 2394 893 2443 mei.

359 2467 475 2533 Turpiter
489 2468 617 2533 hospitium
631 2467 695 2516 lesio
710 2467 835 2517 cumulasse
849 2465 923 2534 jugali

395 2540 517 2599 Poenitet,
538 2539 648 2591 &lateri
663 2539 805 2589 conseruisse
822 2541 893 2589 latus.

360 2613 425 2679 Quae
438 2616 482 2664 fuit
493 2626 548 2664 ante
559 2613 637 2673 illam,
649 2615 744 2663 mallem
755 2613 861 2677 suprema
872 2613 951 2666 fuisset
989 2643 997 2654 ·

312 2678 347 2730 60
395 2690 452 2738 Nox
466 2689 522 2739 mihi
534 2705 542 2746 ;
555 2688 611 2737 dum
621 2688 691 2752 potui
702 2685 793 2753 Phyllis
803 2686 901 2737 honesta
912 2686 984 2739 mori.

358 2763 459 2829 Speravi
471 2764 571 2822 melius,
582 2759 639 2829 quia
652 2777 692 2810 me
706 2759 815 2811 meruisse
830 2762 921 2827 putavi.

395 2836 561 2904 Quaecumqne
573 2853 604 2886 ex
614 2827 703 2886 inerito
714 2835 766 2903 spes
776 2836 859 2892 venit,
875 2849 941 2898 reque
950 2832 1030 2885 venit.

357 2907 452 2960 Fallere
468 2911 607 2959 credentem
624 2908 722 2960 nonest
738 2908 838 2973 operosa
853 2905 956 2971 puellam

397 2982 482 3033 Gloria
492 2984 648 3048 :simplicitas
662 2982 734 3047 digna
746 2981 830 3030 lavore
846 2977 900 3026 fuit.

311 3051 345 3117 65
359 3056 417 3108 Sum
427 3056 530 3122 decepta
539 3056 587 3105 tuis
600 3088 607 3114 ,
618 3055 735 3104 &amans
746 3051 882 3109 selemim,
893 3048 991 3107 verbis:

394 3127 430 3182 Di
446 3129 554 3188 faciant,
569 3126 645 3178 laudis
660 3126 748 3176 summa
760 3122 919 3177 sitistatuaez
