2392 3892
286 432 564 501 Hunorum.
592 432 671 503 Er.
697 433 833 505 XVIII.
859 450 913 526 95

205 550 259 603 Aut
271 568 318 619 ego
330 569 379 601 non
389 552 465 611 novi,
483 555 551 618 quim
563 551 593 600 sit
604 552 763 610 temerarius,
778 568 819 603 aut
829 570 869 604 me

246 626 274 674 ln
286 626 347 674 freta
358 642 407 674 non
418 638 501 675 cautus
512 638 569 674 tunc
581 639 678 689 quoque
690 624 770 673 mittet
785 628 868 675 Amor.
929 639 979 690 190

209 698 282 748 Neve
295 710 364 763 putes
376 699 400 747 id
411 715 469 756 me,
488 698 552 763 qnod
565 696 648 755 abest,
665 699 809 762 promittere
818 712 913 765 tempor
925 716 934 757 3

247 771 350 839 Pignora
365 772 468 838 polliciti
482 788 531 819 non
547 769 591 818 ubi
605 770 673 818 tarda
689 770 761 821 dabo.

211 843 248 894 sir
263 845 381 893 tumidum
397 844 481 908 paucis
495 843 568 890 etiam
583 858 647 889 nunc
661 842 768 893 noctibus
785 859 885 911 aequor,

248 918 288 967 lre
307 934 351 983 per
367 917 454 964 invitus
470 914 621 978 experiemur
634 930 715 979 aquas.

211 988 264 1039 Aut
279 989 338 1037 milri
356 989 481 1053 continget
497 988 555 1035 felix
569 986 667 1036 audacia
682 986 768 1047 salvo;
935 996 983 1051 ¹95

253 1062 307 1110 Aut
322 1076 386 1109 mors
402 1060 485 1110 soliciti
500 1058 553 1109 finis
568 1061 655 1109 amoris
670 1061 726 1112 erit.

213 1133 322 1200 Optabo
338 1143 417 1182 tamen
431 1146 458 1182 ut
473 1146 554 1200 partes
570 1134 677 1200 expellar
692 1136 716 1183 in
732 1135 804 1193 illas,

253 1206 287 1255 Et
303 1217 403 1256 teneant
417 1219 502 1272 portus
517 1207 631 1274 naufraga
645 1209 751 1257 membra
766 1220 833 1258 tuor.

215 1280 300 1332 Flebis
316 1280 398 1337 euim,
417 1279 530 1344 rasluque
546 1296 625 1328 meum
641 1281 770 1345 dignabere
784 1294 892 1347 corpus:

255 1352 305 1409 Et,
321 1352 431 1410 Mortis,
448 1352 534 1408 dices,
550 1350 606 1399 huic
623 1367 669 1417 ego
684 1351 752 1400 causa
768 1352 812 1401 sui.
934 1366 989 1401 200

218 1425 319 1476 Scilicet
335 1424 448 1474 interitlis
466 1423 595 1473 offenderis
613 1425 692 1473 omine
710 1423 802 1474 noslrit

236 1487 387 1565 'Litoraque
403 1497 476 1547 invisa
492 1497 525 1547 est
539 1499 585 1546 hac
601 1514 654 1546 ntea
670 1510 739 1563 parte
754 1497 806 1546 tibi.

219 1572 316 1622 Desino
329 1588 337 1628 ;
354 1587 428 1637 parce
443 1570 511 1637 queri
525 1586 532 1621 t
550 1570 591 1619 sed
606 1571 631 1620 δι
647 1581 675 1619 ut
690 1586 755 1619 mare
771 1568 838 1620 finiat
854 1569 930 1628 iram,

258 1645 406 1701 Accedant,
423 1643 522 1711 quaeso,
541 1642 579 1692 sac
596 1654 638 1693 tua
654 1657 712 1693 vota
727 1643 796 1693 meis.

222 1716 286 1768 Pace
304 1718 372 1767 brevi
387 1718 456 1767 nobis
470 1732 530 1782 opus
546 1715 598 1774 esi,
618 1716 674 1764 dum
688 1716 822 1765 transferor
838 1710 902 1767 ind:
942 1731 992 1779 205

261 1789 324 1840 Crim
341 1804 382 1839 tua
396 1790 523 1857 contigelo
539 1790 630 1847 litora,
649 1789 740 1856 perstet
754 1790 840 1839 hiems.
894 1814 897 1820 ·

225 1863 279 1913 Illic
294 1863 327 1912 est
342 1874 424 1926 aptum
437 1861 521 1912 nostrae
535 1864 621 1912 navale
635 1863 740 1913 carinae:

264 1936 295 1983 Et
312 1935 396 1985 melius
414 1936 480 1986 nulli
494 1935 537 1985 stat
552 1952 605 1985 mea
622 1937 708 2001 puppis
722 1934 792 2002 aqui.

228 2007 281 2057 Illic
299 2025 338 2057 me
355 2008 450 2058 claudat
464 2010 573 2068 Boreas,
593 2008 635 2059 ubi
651 2009 722 2058 dulce
738 2010 846 2059 morati:

264 2081 337 2130 Tunc
353 2082 421 2148 piger
437 2081 467 2136 ad
483 2080 606 2140 nandum,
625 2092 683 2130 tunc
697 2098 746 2147 ego
764 2093 849 2130 cautus
866 2097 920 2132 ero.
946 2095 999 2130 210

229 2151 283 2202 Nec
300 2154 386 2204 faciam
402 2153 476 2202 surdis
493 2151 604 2202 convicio
618 2152 728 2202 fluetibus
742 2152 810 2201 ulla:

266 2225 345 2276 Triste
363 2236 476 2275 nataturo
491 2239 537 2273 nec
553 2239 641 2289 querar
654 2222 701 2273 esse
717 2224 816 2272 fretum.

232 2297 277 2348 Me
294 2300 385 2364 pariter
401 2297 469 2347 venti
484 2307 606 2353 teneant,
627 2296 762 2362 pariterque
779 2293 884 2347 lacertit

269 2370 317 2420 Per
334 2371 415 2421 causas
432 2369 481 2418 isiic
496 2368 661 2436 impediatque
678 2369 746 2419 duas.

235 2441 297 2493 clm
312 2444 417 2509 patietur
433 2443 528 2502 hiems,
549 2444 620 2494 remis
635 2461 682 2512 ego
697 2442 807 2509 corporis
822 2453 886 2494 utar.
952 2450 1003 2507 215

271 2518 365 2566 Lumen
380 2517 404 2564 in
419 2516 512 2582 aspeslu
525 2529 552 2566 tu
568 2517 642 2569 modi>
658 2518 751 2584 semper
764 2516 836 2567 habe.

236 2588 334 2639 interea
349 2604 395 2654 pro
412 2605 450 2637 me
467 2590 594 2655 pernoctet
608 2592 709 2658 epistola
723 2603 804 2640 tecum
817 2605 826 2646 ;

271 2660 355 2733 Quam
370 2677 460 2727 precor
475 2674 503 2712 ut
516 2663 611 2715 minimi
624 2665 755 2731 prosequar
771 2659 821 2728 ipse
838 2658 915 2712 mori·

574 2840 671 3037 p
774 2969 786 2993 ,
