2392 3892
306 462 377 537 130
430 439 927 509 OVrorrAMouusr

301 562 336 611 At
351 573 377 610 tu
386 574 424 609 ne
438 558 539 617 dubita,
560 555 571 621 (
589 556 681 607 miunet
697 558 800 608 vinditla
816 560 950 628 dolorem)

338 633 450 683 Protinus
466 633 490 681 in
509 632 589 681 vultus
606 631 723 698 unguibus
738 631 772 680 ire
788 649 866 683 meos.

257 709 289 771 65
300 709 355 759 Nec
372 706 456 757 nolitis
473 701 570 762 oculis,
586 720 633 754 nec
648 703 732 755 nostris
745 720 818 770 parce
835 706 954 772 capillis:

339 779 481 845 Quamlibet
496 776 598 828 infirmas
613 776 713 844 adjuvet
725 778 760 827 ira
775 795 868 828 manus.

301 856 373 906 Neve
390 852 438 903 mei
454 851 550 901 sceleris
565 862 615 901 tam
630 850 703 901 tristia
718 852 785 919 signa
802 852 941 919 supersint,
1019 868 1023 876 ‘

339 926 407 978 Pone
420 924 594 993 recompositas
611 923 636 974 in
652 923 753 976 statione
772 942 864 977 comas.

632 1032 682 1062 Ὢ·

334 1053 983 1104 s=·-····-——··-=tofl======>

388 1151 679 1216 'ELEGIA
729 1152 873 1215 VIII.

303 1243 1017 1382 Estquaetan,(quicunquevoretcognoseererenam,

339 1386 429 1437 Audiat
440 1403 448 1439 ε
461 1390 473 1456 )
485 1386 518 1438 est
529 1385 637 1456 quaedam
648 1420 657 1447 ,
673 1386 770 1437 nomine
781 1385 869 1452 Dipsas
880 1420 889 1443 ,
906 1404 979 1442 anus.

304 1461 382 1522 Erre
399 1477 488 1512 nomen
506 1463 582 1511 habet
597 1476 605 1511 r
621 1460 683 1529 nigri
698 1476 747 1510 non
762 1460 803 1509 illa
817 1458 947 1525 parentem

342 1534 482 1585 MemnonIs
499 1533 523 1584 In
540 1533 617 1585 roseis
632 1534 710 1584 sobria
726 1533 786 1583 vidit
803 1532 882 1598 equIs.

280 1621 292 1669 5
304 1607 348 1657 Illa
362 1624 442 1673 magas
458 1619 542 1667 artes,
557 1605 677 1674 AEaeaque
694 1606 799 1657 carmina
812 1606 902 1665 novit,

341 1678 416 1745 Inque
437 1692 510 1747 caput
524 1680 619 1747 rapidas
636 1693 689 1730 arte
705 1690 819 1730 recurvat
836 1695 921 1747 aquas.

304 1752 356 1801 Scit
367 1754 429 1803 bene
440 1753 497 1820 quid
506 1769 606 1822 gramen
617 1788 625 1813 ,
643 1753 699 1821 quid
709 1763 778 1803 torto
788 1751 885 1802 concita
895 1753 1003 1805 rhombo

338 1824 426 1883 Liria,
443 1826 500 1892 quid
515 1827 596 1876 valeat
614 1827 681 1876 virus
697 1824 797 1875 amantis
814 1841 895 1892 equae.

304 1895 366 1946 Cdm
382 1897 481 1966 voluit,
498 1910 554 1948 toto
571 1899 735 1966 glomerantur
753 1895 833 1948 nubila
851 1899 938 1951 coelo:

260 1984 294 2021 to
341 1966 403 2017 cum
419 1969 517 2029 voluit,
536 1986 598 2037 puro
613 1970 691 2038 fulget
706 1970 731 2020 in
747 1970 807 2021 orbe
826 1970 889 2022 dies.
1006 2023 1010 2030 ,

303 2041 444 2109 Sanguine,
463 2041 485 2094 si
500 2056 546 2110 qua
559 2041 640 2102 fides,
658 2042 768 2094 stillantia
785 2042 864 2095 sidera
882 2043 957 2099 vidi:
974 2099 976 2104 ,

340 2114 478 2181 Purpureus
494 2115 569 2168 Lunae
585 2116 700 2186 sanguine
718 2118 799 2169 vultus
817 2129 878 2169 erat.

303 2187 375 2239 Hanc
389 2205 437 2257 ego
453 2190 580 2242 nocturnas
595 2191 676 2241 vivam
690 2191 794 2242 volitare
809 2208 854 2258 per
867 2191 966 2243 umbras
979 2253 982 2258 Ι

340 2261 472 2332 ¹Suspicor,
493 2264 518 2316 δι
535 2264 616 2332 plumd
631 2281 720 2330 corpus
735 2265 799 2315 anile
815 2263 876 2333 tegi.

262 2348 273 2383 1
279 2349 293 2397 ς,
303 2333 416 2399 Suspicor
427 2368 438 2393 ,
454 2335 479 2387 δι
495 2337 557 2386 fama
568 2336 604 2386 est
614 2353 623 2387 ε
634 2338 711 2388 oculis
721 2353 818 2405 quoque
827 2338 916 2403 pupula
928 2338 1018 2406 duplex

339 2407 477 2466 Fulminat,
499 2410 525 2459 δι
541 2409 639 2477 gemino
656 2413 737 2461 lumen
753 2412 783 2460 ab
800 2410 860 2459 orbe
874 2411 954 2463 venit.

301 2476 401 2528 Evocat'
411 2481 515 2545 antiquis
531 2498 637 2548 proavos
657 2496 788 2549 atavosque
806 2481 943 2549 sepulcris,

340 2551 372 2602 Et
388 2551 485 2602 solidam
499 2555 575 2623 longo
593 2556 697 2606 carmine
711 2553 780 2605 findit
793 2554 901 2607 humum.

271 2620 278 2629 '
301 2624 364 2676 Haec
382 2626 427 2676 sibi
439 2628 564 2695 proposuit
580 2630 697 2680 thalamos
712 2640 834 2679 temerare
850 2630 980 2694 pudicos&

258 2714 293 2748 20
339 2700 394 2750 Ner
409 2712 491 2751 tamen
508 2704 607 2770 eloquio
624 2703 704 2771 lingua
721 2699 828 2753 nocente
849 2715 925 2755 caret.

303 2774 322 2823 F
325 2790 365 2823 ors
385 2789 422 2823 me
440 2774 543 2826 sermoni
558 2777 643 2827 testem
661 2776 729 2829 dedit
745 2793 754 2827 τ
770 2776 812 2827 illa
830 2777 945 2828 mouebat

339 2846 409 2897 Talia
421 2867 433 2907 ς
447 2865 485 2900 me
503 2850 612 2916 duplices
627 2851 758 2902 occuluere
775 2849 852 2900 fores.

302 2917 354 2969 Scis
368 2914 427 2970 itere
442 2932 488 2981 te,
507 2939 561 2973 mea
578 2925 639 2982 lux,
656 2922 739 2989 juveni
754 2920 865 2988 placuisse
881 2922 984 2977 heato?

340 2991 439 3054 Haesit,
455 2994 480 3043 &
497 2995 521 3046 in
537 2997 607 3047 vultu
623 2994 728 3047 constitit
743 3009 819 3059 usque
836 3006 890 3044 tuo.

259 3078 292 3128 25
303 3064 335 3115 Et
351 3066 392 3113 cui
405 3082 455 3115 non
469 3069 565 3132 placeas
577 3067 596 3136 ?¹
607 3067 666 3117 nulli
682 3079 722 3116 tua
738 3065 814 3133 forma
831 3066 936 3119 secunda
954 3070 1001 3126 eit.

340 3137 385 3190 Me
398 3138 510 3214 miseratus
528 3139 535 3191 l
555 3141 639 3211 dignus
656 3155 760 3207 corpore
780 3141 858 3194 cultus
877 3143 955 3199 abest.
