2392 3892
274 459 321 528 68
374 456 415 522 P.
441 455 625 525 Ονιυιι
649 459 871 530 Nasonis

187 597 191 605 ·
275 577 301 627 Si
309 589 358 625 tam
371 589 451 627 certus
462 592 514 625 eras
522 577 578 625 hinc
586 575 637 633 ire,
650 575 778 627 modestiiis
787 578 839 629 illes
846 596 857 638 3

218 663 267 699 100
314 650 345 700 Et
359 647 433 700 modd
443 648 554 708 dixissen
569 648 642 697 Lesbi
658 651 758 713 puella,
772 653 838 701 vale.

276 723 334 773 Non
342 736 424 773 tecum
433 724 549 789 lacrymas
560 737 628 778 ,non
636 720 717 770 oscula
730 722 818 772 sumnia
828 724 915 779 tulisti.

313 796 427 862 Denique
436 812 485 844 non
494 794 577 852 timui,
589 793 655 859 quod
665 794 768 843 dolitura
777 796 822 845 fui.

277 869 360 920 Nilde
373 881 399 919 te
413 884 507 918 mecum
519 865 968 933 est,nisitauriiminjuria:nectu,

313 942 450 992 Admoneat
461 940 526 1007 quod
533 952 575 999 te,
585 941 671 1007 pignus
679 940 777 989 amantis
783 941 869 993 habes.

218 1027 266 1078 105
277 1014 336 1066 Non
346 1016 455 1066 nuadata
463 1014 519 1062 dedi
529 1030 537 1062 ι
549 1013 701 1079 nequeenim
709 1013 820 1063 mandata
832 1015 946 1067 dedid'enr

314 1089 387 1145 Ulla,
400 1087 444 1137 nisi
456 1098 482 1135 ut
498 1086 576 1134 nolles
592 1085 717 1134 immemor
734 1084 781 1135 else
792 1088 850 1138 mei.

278 1159 324 1209 Per
334 1160 393 1216 tibi,
410 1158 451 1223 qui
463 1174 591 1223 numquam
598 1156 672 1224 longe
682 1158 787 1208 discedat
798 1191 806 1216 ,
815 1159 932 1212 Amorem
941 1195 949 1221 ,

314 1230 409 1297 Perque
425 1247 514 1280 novem
521 1228 592 1295 juro,
603 1230 700 1279 numina
713 1230 792 1280 nostra
801 1264 808 1289 ‚
818 1233 904 1291 Deas,

279 1301 341 1353 Cium
350 1303 409 1353 mihi
417 1303 499 1353 nescio
509 1304 578 1369 quis,
590 1303 695 1371 Fugiunt
705 1315 748 1353 tua
758 1304 860 1371 gaudia,
871 1306 952 1365 dixin

219 1390 228 1425 1
240 1390 271 1425 10
316 1377 370 1427 Nec
381 1394 420 1427 me
432 1376 491 1427 flere
506 1376 562 1435 diu,
578 1392 624 1427 net
634 1376 736 1443 potuiss'e
747 1378 823 1442 loqui.

277 1450 309 1500 Et
321 1451 433 1518 lacryma
444 1450 545 1499 deerant
555 1449 632 1499 oculis
643 1481 652 1508 ,
665 1449 691 1499 δι
703 1449 784 1515 lingua
795 1452 891 1515 palato.

313 1522 439 1574 Astriuum
453 1523 537 1590 gelido
545 1522 635 1589 frigore
649 1521 731 1589 pedus
742 1534 804 1573 erat.

278 1594 332 1645 Post
344 1599 413 1663 quam
427 1595 455 1645 se·
471 1597 542 1645 dolor
552 1595 664 1654 invenit,
674 1611 720 1645 nec
733 1595 831 1661 peilora
846 1598 952 1667 plangi,
973 1590 975 1593 ¹

314 1670 367 1718 Nec
382 1668 467 1733 puduit
479 1667 557 1717 scissis
568 1669 692 1717 exululare
709 1668 794 1718 comis.

219 1754 229 1789 1
239 1753 248 1787 1
257 1755 268 1802 5
282 1741 340 1790 Non
348 1741 433 1797 aliter,
444 1742 512 1806 quim
522 1741 541 1789 si
550 1741 616 1807 gnati
624 1741 661 1805 pia
670 1745 746 1791 mater
754 1740 843 1791 ademti

313 1813 399 1866 Portet
407 1814 437 1863 ad
446 1806 575 1863 exstruilo's
584 1830 672 1878 corpus
681 1815 841 1880 inanerogos.

278 1885 394 1944 Gaudet,
406 1886 433 1935 &
444 1903 457 1935 e
469 1885 549 1934 nostro
561 1885 647 1936 crescit
657 1902 757 1936 maerore
767 1886 891 1939 Charaxus

313 1958 397 2007 Frater
410 1975 418 2015 3
431 1958 457 2008 δι
467 1969 523 2006 ante
538 1958 624 2008 oculos
635 1959 703 2026 itque
714 1958 824 2023 reditque
832 1975 915 2012 meos.

276 2029 359 2095 thue
369 2030 478 2098 pudenda
489 2031 537 2079 mei
546 2030 659 2082 videatiu
669 2031 738 2082 causa
749 2030 859 2090 doloris;

218 2114 268 2151 120
316 2103 384 2168 Quid
400 2104 468 2154 dolet
480 2103 556 2155 hec?
571 2103 639 2156 certe
647 2104 695 2157 filia
702 2104 777 2164 vivit,
789 2103 832 2154 ait.

276 2174 978 2245 Nonveniuntinidempudorarqueamotaomnevidebat

313 2250 431 2317 Vulgus;
446 2267 511 2300 eram
525 2253 611 2308 lacero
621 2251 704 2318 petius
716 2262 799 2315 aperta
813 2250 877 2299 sinu.
937 2261 939 2268 ’

276 2321 316 2370 Tu
328 2323 387 2372 mihi
394 2340 451 2373 cura
461 2356 468 2380 ‚
478 2322 562 2375 Phaon
572 2341 578 2374 :
589 2336 615 2374 te
625 2322 714 2372 somnia
722 2321 799 2370 nollra
807 2320 931 2372 reducunt
941 2339 955 2383 ς

314 2394 411 2444 Somnia
425 2394 530 2446 formoso
543 2396 681 2446 candidiora
693 2393 741 2441 die.

219 2480 266 2529 125
280 2465 332 2515 lllic
348 2478 375 2517 te
390 2469 508 2527 invenio,
523 2484 663 2534 quamquam
673 2463 811 2531 regionibus
821 2464 898 2519 absis.

314 2539 363 2588 Sed
374 2556 423 2589 non
434 2541 506 2609 longa
519 2542 572 2590 satis
583 2538 668 2607 gaudia
677 2537 771 2586 somnus
778 2536 864 2588 habet.

278 2611 350 2676 Saepe
359 2624 417 2662 tuos
424 2613 503 2664 nostri
512 2613 608 2663 cervice
619 2625 719 2661 onerare
728 2608 851 2668 lacertos,

314 2686 384 2751 Saepe
397 2700 444 2737 tuae
453 2687 539 2737 videor
547 2682 688 2750 supposuisse
697 2699 775 2733 meos.

278 2756 395 2808 Blandior
405 2760 524 2811 interdum
532 2792 541 2816 ,
550 2756 664 2824 verisque
675 2756 794 2807 simillima
803 2759 882 2809 verba

219 2840 268 2891 130
314 2830 421 2897 Eloquor
432 2849 439 2882 z
452 2832 586 2900 &vigilant
593 2830 700 2882 sensibus
711 2848 754 2881 ora
765 2831 833 2881 meis.

279 2900 369 2951 Oscula
382 2907 504 2970 cognosco
520 2939 527 2964 ‚
547 2922 601 2972 quaa
617 2917 645 2956 tu
660 2904 811 2955 committere
826 2903 937 2972 lingue,¹

315 2973 428 3041 Aptaque
442 2978 571 3027 consueras
582 2979 712 3043 accipere,
728 2989 783 3040 apta
796 2975 863 3025 dare.

279 3044 403 3096 Ulteriora
412 3048 488 3112 pudet
497 3066 609 3107 narrare;
622 3049 662 3098 led
676 3048 754 3097 omnia
765 3046 824 3096 fiunt
835 3080 843 3105 ,

315 3116 347 3169 Et
355 3115 423 3185 juvat
434 3120 482 3179 ,δι
494 3120 546 3173 sine
561 3133 587 3175 te
595 3121 714 3175 nonlibet
723 3118 846 3176 offeruihi.
