2392 3892
307 448 382 520 206
425 448 641 518 OVIDII
667 446 920 519 NAsonrs

305 570 387 620 Crede
398 582 479 620 tamen
490 570 604 635 speculo,
616 569 681 634 quod
690 580 716 618 te
726 580 800 636 negat
811 568 858 619 effe
868 569 1000 635 juvencam
1012 584 1021 623 ε

341 643 420 708 Qndm
439 660 542 709 cuperes
557 644 632 693 fronti
649 658 739 691 cornua
756 654 812 691 nata
827 642 895 691 tuae!

304 716 365 799 Sive]
377 718 458 782 placet
474 716 577 773 Minos,
598 716 677 765 nullus
693 726 813 780 quaeratur
828 715 946 769 adulter:
1049 758 1051 761 ,

243 802 294 853 310
341 789 398 839 Srve
415 790 491 839 virum
506 790 580 838 mavis
596 790 701 846 fallere,
720 788 777 837 falle
794 788 857 839 viro.

304 862 332 911 Iu
348 879 432 913 nemus
449 864 474 913 &
490 864 560 913 saltus
578 862 684 912 thalamo
701 861 783 927 regina
800 861 885 911 relidio

341 936 447 995 Fertur,
469 948 497 986 ut
513 935 594 985 Aonio
613 935 709 984 concita
725 934 821 983 Baccha
838 934 907 984 Deo.

305 1007 345 1057 Ah
363 1009 368 1057 !
389 1010 484 1075 quoties
500 1025 598 1057 vaccam
611 1009 682 1057 vultu
698 1006 813 1071 spediuvit
827 1006 931 1071 iniquo,

342 1082 373 1131 Et
391 1082 469 1140 dixit;
491 1081 600 1129 Domino
617 1096 660 1130 cur
675 1081 757 1143 placet
771 1078 813 1127 ista
829 1077 910 1129 meo?

244 1166 274 1216 3¹
282 1169 294 1216 5
307 1154 412 1220 Aspice,
430 1166 458 1203 ut
472 1166 528 1203 ante
542 1154 617 1218 ipsum
632 1152 723 1201 teneris
740 1150 844 1208 exsrdtet
858 1153 883 1200 in
898 1152 1003 1205 herbis:

342 1228 395 1276 Nec
412 1226 514 1285 dubito,
534 1226 591 1293 quin
608 1225 632 1274 se
650 1224 719 1274 stulta
736 1224 826 1273 decere
843 1238 926 1288 putet.

305 1299 395 1349 Dixit:
416 1299 550 1367 &ingenti
567 1292 705 1365 j'amdudum
723 1297 754 1346 de
771 1313 844 1363 grege
862 1298 919 1347 duci

343 1372 440 1431 Jussit3
462 1374 488 1425 &
504 1372 647 1422 immeritam
664 1371 705 1419 sub
724 1368 781 1436 juga
797 1370 874 1435 panda
888 1372 972 1420 trabi:

307 1445 357 1495 Aut
376 1447 463 1496 cadere
479 1458 535 1496 ante
550 1462 602 1495 aras
619 1455 801 1508 commentaque
817 1443 883 1493 sacta
900 1446 1004 1511 coegit}

247 1528 298 1579 320
345 1519 376 1567 Et
393 1519 473 1569 tenuit
487 1518 544 1569 laeta
559 1519 652 1585 pellicis
669 1528 726 1567 exta
741 1516 822 1564 nianu.

310 1590 437 1643 Pellicibus
455 1592 551 1658 quoties
569 1592 674 1658 placavit
689 1589 784 1639 numina
801 1585 894 1638 caesisi

345 1664 495 1729 Atqueait,
517 1676 572 1714 exta
587 1676 694 1721 tenens,
711 1663 770 1720 lte,
789 1663 884 1727 placete
899 1679 967 1714 meo.

310 1736 342 1785 Et
357 1735 431 1787 modd
448 1737 472 1787 se
488 1737 603 1803 Europen
619 1736 690 1794 fieri,
709 1734 786 1785 modb.
798 1734 901 1801 postulat
919 1736 968 1787 lo:

346 1809 431 1860 Altera
447 1812 512 1877 quod
529 1812 573 1860 bos
588 1809 642 1867 est,
658 1811 735 1858 altera
749 1808 817 1858 vedia
836 1810 912 1857 bove.

248 1891 298 1941 325
310 1881 380 1931 Hanc
396 1895 477 1932 tamen
493 1884 623 1948 implevit,
640 1882 715 1930 uacci
730 1881 849 1945 deceptus
864 1880 978 1940 acerni,

262 2002 263 2007 ,
346 1955 404 2003 Dux
419 1945 499 2022 gregis
516 1971 523 2004 ε
542 1955 567 2004 &
584 1966 654 2019 partu
668 1954 778 2019 proditus
792 1953 876 2002 audior
889 1967 954 2005 erat.

309 2025 389 2077 Cresia
398 2027 529 2095 'Thyesteo
545 2028 565 2077 si
583 2029 607 2077 se
621 2026 764 2077 abstinuisset
780 2043 862 2076 amore
875 2044 884 2084 ;

348 2098 358 2165 (
378 2100 402 2151 O
422 2100 428 2151 Ξ
445 2114 560 2167 quantum
575 2100 628 2160 est,
648 2100 689 2149 uni
704 2099 769 2166 poffe
787 2102 885 2166 placere
902 2101 956 2150 viro
967 2099 995 2170 ἱ)

310 2173 368 2224 Non
383 2175 487 2244 medium
503 2173 602 2242 rupisset
617 2175 684 2231 iter,
704 2190 823 2241 curruque
840 2185 958 2233 retorto,

249 2257 261 2310 3
267 2258 301 2309 30
348 2249 466 2297 Auroram
482 2248 558 2299 versis
574 2248 678 2297 Phoebus
698 2247 780 2297 adisset
798 2248 877 2313 equis.

310 2295 369 2369 Alia
386 2320 520 2386 purpureos
537 2321 596 2370 Niso
611 2320 690 2369 stuata
707 2320 825 2383 capillos,

348 2391 414 2441 Pube
430 2394 516 2457 premit
532 2393 630 2442 rabidos
646 2391 829 2458 inguinibusque
846 2406 930 2441 canes.

312 2463 362 2529 Qui
378 2464 484 2513 Martem
499 2464 565 2513 terri
575 2463 590 2523 ,'
601 2462 742 2529 Neptunum
759 2463 842 2529 effugit
856 2463 881 2512 in
895 2463 987 2523 undis,

347 2536 465 2603 Conjugis
483 2537 581 2587 Atrides
598 2535 693 2584 vidima
711 2536 760 2585 dira
777 2537 831 2586 fuir.

250 2626 280 2681 33
288 2628 301 2680 5
313 2610 360 2659 Cui
377 2625 426 2659 non
443 2608 532 2660 defleta
546 2609 580 2659 est
592 2606 717 2677 Ephyraeae
731 2610 825 2659 flamma
839 2609 960 2662 Cteiisae?

349 2684 381 2733 Et
397 2700 457 2734 nece
475 2695 585 2733 natorum
602 2682 783 2751 sanguinolenta
798 2683 907 2749 parens?

312 2758 392 2809 Flevit
407 2757 579 2825 Amyntorides
593 2773 638 2823 per
652 2757 729 2807 inania
746 2757 834 2807 lumina
846 2756 965 2810 Phoenixt
1009 2751 1015 2793 Ϊ

353 2831 514 2899 Hippolytum
531 2830 611 2897 ppvidi
629 2830 753 2897 diripuistis
770 2830 836 2897 equi.

313 2901 379 2965 Quid
394 2905 457 2953 fodis
472 2905 615 2962 immeritis',
631 2902 742 2962 Phineu,
758 2904 797 2953 sua
813 2901 899 2951 lumina
914 2903 1006 2964 natis?

150 2980 153 2983 ’
249 2986 302 3039 340
350 2975 424 3025 Poena
440 2978 563 3027 reversura
581 2978 615 3026 est
630 2977 655 3027 in
673 2987 744 3041 caput
761 2975 801 3024 ista
817 2986 894 3023 tuum.

313 3045 400 3097 Omnia
418 3047 524 3099 feminei
538 3051 591 3099 sunt
608 3048 648 3097 ista
665 3043 761 3097 libidine
778 3058 862 3095 mota:

348 3120 436 3170 Acrior
451 3122 484 3173 ed
500 3122 595 3179 nostri,
611 3122 712 3187 plusque
728 3119 815 3171 furoris
829 3120 915 3172 habet·

523 3204 558 3250 W
