2392 3892
260 469 409 537 Lem
434 466 499 535 III.
524 468 683 537 Erecrn
713 473 813 539 VIII.
844 472 914 564 185

218 588 283 638 iera
292 603 391 644 manus,
403 587 441 637 cui
451 602 514 637 nunc
525 587 601 637 serum
612 588 672 636 male
685 588 798 638 convenit
808 605 906 649 astrum,
929 605 958 651 15

249 660 321 711 Scuta
337 660 413 710 tulit:
429 655 536 711 dextiam
552 672 646 727 tange,
665 672 764 709 cruenta
779 661 835 711 suit.

217 730 267 796 Qui
280 733 353 799 periit
367 733 471 799 aliquis,
487 745 559 799 potes
572 733 635 781 hanc
652 732 795 800 contingere
809 734 941 785 dextram?

247 805 301 855 Heu
319 804 326 854 Ξ
345 805 386 856 ubi
401 806 515 855 mollities
532 804 635 871 peiioris
651 805 690 854 illa
706 804 763 855 mi?

197 940 201 945 Ι
217 875 292 929 Cerne
310 878 456 937 cicatrices,
474 879 564 928 veteris
579 878 676 944 vestigia
692 895 787 945 pugnae.

245 950 381 1015 Quaesitum
397 950 431 1001 eti
447 951 482 1000 illi
496 967 621 1017 corpore,
640 948 752 1017 quicquid
769 952 853 1003 habet.
926 967 960 1003 20

213 1022 319 1074 Forsitan
335 1023 378 1083 δι,
397 1024 493 1090 quoties
508 1024 630 1073 hominem
646 1023 811 1091 jugulaverit,
828 1024 871 1074 ille

244 1096 340 1146 indicet
356 1111 363 1146 ε
378 1096 427 1145 hoc
444 1094 509 1146 fassas
523 1098 620 1163 tangis,
637 1114 727 1156 avara,
746 1095 851 1147 manus?

211 1167 252 1218 lise
267 1184 333 1236 ego,
352 1167 473 1218 Musarum
488 1185 561 1233 purus
579 1168 712 1236 Phoebique
729 1168 862 1227 sacerdos,

244 1241 283 1290 Ad
297 1240 386 1309 rigidas
403 1253 476 1292 canto
491 1257 586 1291 carmen
601 1242 672 1290 inane
688 1244 762 1292 sores.

211 1312 301 1363 Discite
313 1347 322 1373 ,
336 1313 377 1380 qui
387 1312 467 1380 sapitis
480 1346 487 1371 ,
504 1330 552 1364 non
563 1330 617 1379 quae
632 1330 676 1362 nos
687 1314 772 1364 scimus
783 1316 873 1364 inertes
885 1348 892 1374 ,
922 1329 955 1377 25

244 1386 292 1435 Sed
308 1386 414 1452 trepidas
432 1386 515 1442 acies,
537 1386 562 1436 δι
579 1385 630 1435 fera
645 1384 736 1444 cassra,
753 1386 838 1452 sequi:

210 1457 303 1526 Proque
319 1459 387 1509 bono
401 1458 471 1510 versu
487 1458 586 1525 primum
603 1458 714 1507 deducite
731 1458 815 1524 pilum.

244 1531 300 1581 Hoc
315 1531 377 1590 tibi,
397 1532 418 1582 si
433 1532 529 1592 velles,
547 1531 642 1598 posset,
659 1530 787 1597 Homere,
805 1528 864 1580 dari.

209 1602 319 1669 Iuppiter
335 1604 470 1655 admonitus
488 1605 545 1654 nihil
561 1604 608 1655 esse
626 1604 749 1669 potentius
766 1619 844 1661 auro,

244 1675 374 1742 Corruptae
388 1678 491 1744 pretium
508 1677 605 1745 virginis
621 1677 670 1742 ipse
684 1676 739 1726 suit.
923 1687 957 1739 30

208 1749 272 1798 de
289 1766 384 1800 merces
399 1750 503 1808 aberam
521 1751 593 1801 durus
610 1764 698 1816 pater,
716 1749 765 1816 ipsa
782 1748 884 1808 severa,

240 1820 319 1871 AErati
334 1821 432 1887 postes,
449 1822 528 1872 serrea
544 1823 616 1873 turris
633 1834 705 1872 erat:

207 1893 254 1944 sed
272 1893 396 1960 postquam
409 1894 501 1961 sapiens
515 1896 540 1946 in
556 1912 654 1947 munera
671 1894 739 1946 venit
754 1893 867 1954 adulter,

243 1964 349 2017 Praebuit
364 1968 413 2035 ipsa
427 1969 514 2021 sinus:
533 1970 578 2029 δι,
596 1970 653 2020 dare
668 1968 746 2035 jutia,
763 1969 842 2021 dedit.

207 2038 241 2092 At
256 2038 311 2094 cirrn
325 2056 400 2109 regna
417 2042 490 2091 senex
505 2044 561 2092 coeli
575 2043 691 2093 Saturnus
704 2042 825 2099 haberet,
923 2050 955 2103 35

206 2137 209 2142 ·
243 2111 326 2163 Omne
342 2115 434 2165 luctum
450 2115 558 2165 tenebris
574 2116 622 2165 alta
638 2116 763 2181 premebat
776 2114 872 2161 humus.

206 2183 314 2250 AEraque
333 2187 359 2238 ἃ
375 2200 518 2255 argentum,
538 2203 642 2253 cumque
655 2203 716 2236 auro
732 2184 842 2251 pondera
857 2180 916 2233 serti

242 2258 357 2309 Manibus
372 2259 481 2310 admirer
495 2274 503 2307 t
519 2260 632 2324 nullaque
648 2258 717 2307 massa
733 2257 787 2308 suit.

205 2330 239 2379 At
256 2332 356 2381 meliora
372 2333 444 2382 dabat
459 2349 466 2383 ε
483 2348 558 2381 curvo
576 2333 628 2381 sine
643 2347 743 2380 vomere
759 2330 860 2395 fruges,

242 2402 382 2470 Pomaque,
402 2406 426 2455 δι
443 2405 467 2455 in
484 2402 574 2472 quercu
590 2405 662 2454 mella
679 2415 774 2469 reperta
791 2402 862 2454 cavi.
922 2413 959 2465 4ο

205 2476 260 2526 Nec
275 2477 357 2526 valido
373 2479 495 2545 quisquam
510 2490 587 2529 terras
602 2476 708 2527 findebat
724 2488 823 2527 aratro:

241 2549 357 2616 Signabat
371 2551 437 2600 nuilo
452 2552 527 2601 limite
542 2552 636 2601 mensor
652 2552 759 2601 humum.

204 2621 262 2671 Non
279 2622 342 2670 freta
360 2622 456 2673 demissi
470 2624 600 2674 verrebant
615 2637 683 2674 eruta
700 2623 780 2673 remit

241 2694 334 2744 Ultima
349 2694 443 2741 mortali
459 2706 509 2744 tum
526 2696 565 2743 via
580 2696 637 2746 iitus
653 2707 715 2746 erat.

206 2767 300 2817 Contra
315 2776 341 2814 te
358 2763 456 2822 sollers¹
477 2766 599 2816 hominum
616 2770 726 2824 Natura,
743 2762 827 2823 suisti3
923 2778 957 2827 45

241 2838 273 2895 Et
289 2835 386 2888 nimiim
403 2837 492 2888 damnis
507 2839 630 2904 ingeniosa
646 2839 705 2889 tuis.

204 2909 264 2975 Qud
281 2912 342 2967 ribi,
360 2911 451 2963 trimitis
468 2911 591 2979 incingere
606 2911 725 2961 moenibus
738 2904 829 2959 urbes?

243 2981 301 3047 Qui>
315 2984 376 3044 tibi,
395 2985 515 3036 discordes
532 2984 621 3036 addere
637 2985 661 3035 in
677 2999 742 3035 arma
756 2980 863 3034 manus?

205 3056 274 3120 Quid
291 3057 334 3105 tibi
348 3074 401 3108 cum
417 3056 526 3126 pelago?
544 3069 609 3108 terra
625 3055 741 3109 contenta
754 3055 844 3110 fuisses.

244 3128 295 3179 Cur
311 3144 359 3179 non
378 3132 403 3183 ἃ
419 3134 507 3185 coelum
523 3131 594 3184 tertia
610 3150 685 3201 regna
699 3129 788 3201 petis?
922 3145 957 3194 50
