2392 3892
314 437 617 586 ‚Hanornas
643 494 722 561 ΕΡ.
749 492 824 561 IX.
874 512 928 585 39

212 614 276 669 Haec
285 612 345 663 mihi
351 613 414 662 ferre
421 630 503 677 parurn
510 612 543 662 est
556 628 563 661 :
580 612 722 679 peregrinos
728 612 795 662 addis
802 627 916 663 amores:

252 688 284 737 Et
297 698 373 735 mater
383 686 412 734 de
423 697 447 735 te
460 687 572 752 quelibet
582 686 628 735 esl'e
638 684 725 750 potesi.

214 762 274 812 Non
285 776 332 828 ego
342 757 474 809 Partheniis
484 772 625 810 temeratam
636 758 737 808 vallibus
747 758 835 825 Augen
845 791 853 817 ,

251 834 306 881 Nec
318 832 421 881 referam
431 844 512 897 partus
524 864 531 889 ,
542 831 644 881 Ormeni
657 833 759 898 nymphi
771 866 778 890 ,
789 845 855 881 tuos.
942 847 975 895 50

214 906 274 956 Non
284 906 328 953 ubi
340 904 430 955 crimen
440 917 510 953 erunt
520 937 528 961 ,
537 905 695 955 Theutrantia
712 906 783 955 turba
793 939 802 964 ,
812 905 925 964 sorores,

254 978 366 1041 Quarum
373 976 407 1034 vde
418 978 509 1041 populo
518 978 582 1027 nulla
592 979 672 1027 relitla
682 978 736 1027 tibi.

213 1050 273 1101 Una
284 1082 292 1107 ,
302 1051 389 1097 recens
400 1049 502 1107 crimen,
512 1050 638 1114 praefertur
646 1052 755 1101 adultera
766 1052 854 1109 nobis;

253 1122 328 1171 Unde
338 1138 385 1187 ego
395 1121 443 1170 sum
453 1120 520 1189 Lydo
530 1124 589 1173 sassa
597 1141 702 1174 noverca
712 1125 798 1175 Lamo.

213 1194 361 1251 Maeander,
371 1194 445 1243 toties
456 1196 497 1260 qui
506 1198 575 1247 terris
585 1210 650 1247 errat
659 1198 684 1245 in
693 1198 771 1248 isdem
781 1232 791 1258 ,

255 1266 305 1329 Qui
315 1266 379 1316 lassas
388 1268 413 1316 in
424 1267 446 1317 se
457 1270 518 1333 saepe
528 1283 656 1334 retorquet
666 1287 737 1335 aquas
749 1304 757 1327 ,
796 1326 798 1329 ¹

213 1339 286 1392 Vidit
295 1341 321 1389 in
331 1340 457 1390 Herculeo
466 1341 573 1403 suspensa
582 1342 679 1389 monilia
689 1346 754 1392 collo
765 1361 776 1400 ;

251 1414 314 1471 Illo,
327 1413 366 1460 cui
377 1413 465 1459 coelum
476 1410 563 1467 sarcina
572 1428 646 1475 parva
656 1413 710 1462 fuit.

213 1486 271 1537 Non
280 1484 368 1552 puduit
377 1484 454 1533 sortes
464 1500 522 1534 auro
533 1485 649 1534 cohibere
659 1486 784 1544 lacertos,

251 1560 283 1609 Et
294 1558 375 1608 solidis
385 1573 491 1625 gemmas
500 1557 631 1624 apposuisse
641 1558 711 1608 toris.

213 1632 311 1698 Nempe
322 1632 363 1681 sub
373 1631 410 1679 his
420 1629 521 1680 animam
531 1631 601 1695 pestis
611 1632 728 1681 Nemeaea
739 1630 836 1694 lacertis
913 1682 921 1696 p

236 1712 241 1723 ¹
251 1705 333 1754 Edidit
345 1721 353 1762 ς
363 1703 427 1753 unde
437 1704 549 1754 humerus
558 1704 665 1773 tegmina
675 1707 751 1755 laevus
761 1706 845 1758 habet.

214 1778 294 1831 Ausus
304 1794 330 1827 es
340 1777 444 1826 hirsutos
453 1777 522 1827 mitri
531 1779 644 1827 redimire
654 1778 756 1845 capillos
767 1794 776 1830 ι

252 1851 342 1917 Aptior
352 1850 481 1899 Herculeae
492 1854 594 1917 populus
604 1853 656 1901 alba
666 1869 751 1902 comae.

215 1924 270 1974 Nec
280 1936 305 1973 te
315 1922 424 1972 Maeoniis
436 1956 443 1981 ,
454 1923 547 1973 lascivae
556 1942 623 1975 more
634 1928 738 1991 puellae,

251 1997 346 2063 Incingi
356 1996 418 2045 zoni
427 1996 563 2048 dedecuisse
573 2012 641 2063 putas
651 1997 661 2048 ἓ

216 2069 273 2119 Non
283 2071 326 2130 tibi
336 2070 452 2119 succurrit
463 2069 530 2119 crudi
539 2072 665 2122 Diomedis
675 2073 754 2140 imago
764 2105 775 2132 ,

234 2170 237 2175 ·
251 2141 344 2192 Efferus
355 2142 457 2191 humanit
467 2145 507 2209 qui
517 2144 577 2210 dape
586 2147 652 2211 pavit
663 2162 736 2212 equas
748 2143 759 2193 ἔ

217 2215 242 2266 Si
250 2229 276 2266 te
285 2214 380 2265 vidisset
390 2216 457 2265 cultu
466 2217 556 2267 Busiris
566 2219 590 2265 in
599 2217 641 2265 illo
652 2249 661 2273 ,

251 2288 316 2338 Huic
326 2289 403 2338 vislor
412 2288 477 2336 visio
487 2304 573 2353 nempe
583 2282 709 2353 pudendus
720 2304 784 2338 eras·

217 2361 338 2412 Detrahat
350 2362 452 2411 Antaeus
463 2360 523 2411 duro
532 2360 671 2410 redimicula
681 2361 768 2419 collo,

252 2437 291 2485 Ne
301 2435 384 2502 pigeat
393 2435 461 2505 molli
471 2433 617 2483 succubuisse
627 2434 690 2483 viro.

217 2507 284 2558 lnter
293 2509 405 2557 Ioniacas
415 2508 532 2556 calathum
542 2507 643 2557 tenuisse
654 2508 747 2572 puellas

251 2581 351 2631 Diceris
362 2598 371 2638 3
383 2581 409 2631 ἃ
419 2581 519 2629 dominae
529 2580 673 2646 pertimuisse
683 2582 767 2630 minas.

217 2653 275 2703 Non
285 2654 350 2719 fugis
360 2686 367 2711 ,
377 2652 464 2703 Alcide
477 2687 484 2712 ,
494 2653 616 2704 vislricem
626 2656 691 2704 mille
702 2655 812 2704 laborum

251 2726 376 2775 Rasilibus
385 2727 483 2777 calathis
497 2726 629 2793 imposuisse
639 2725 755 2776 manum?

219 2797 348 2863 Crassaque
357 2799 453 2849 rohuslo
463 2799 560 2849 deducis
571 2801 660 2865 pollice
670 2798 730 2856 filas,

252 2870 383 2938 AEquaque
393 2871 487 2922 famosae
497 2871 569 2937 pensa
579 2872 690 2937 rependis
700 2872 766 2920 herae
777 2867 789 2919 ‚²

220 2943 257 2994 Ah
266 2945 363 3010 quoties
374 2977 381 3002 ‚
392 2945 472 3013 digitis
484 2946 539 2993 dum
549 2955 650 3009 torques
659 2943 754 2993 stamina
764 2943 828 2996 duris
838 2978 852 3005 2

255 3017 395 3068 Praevalidae
405 3019 469 3069 susos
481 3017 644 3067 comminudre
654 3034 735 3067 manus
747 3017 753 3066 !
798 3030 800 3033 ’

223 3088 351 3148 (hederis,
362 3092 461 3149 infelix,
472 3092 567 3141 scuticae
575 3090 729 3139 tremefaslus
739 3090 837 3143 habenis
845 3124 856 3154 ,
918 3125 921 3130 -

257 3162 322 3215 Ante
331 3159 408 3233 pedes
418 3165 519 3231 domine
528 3161 680 3230 procubuisse
692 3176 752 3225 tue,
782 3217 784 3221 ,
821 3195 830 3214 .
