2392 3892
246 431 585 501 Manrcnmrua
612 429 794 502 Faciet.
823 434 898 526 289

186 544 291 601 Induitis
305 548 371 597 collo
385 546 476 611 lapides
491 545 596 595 Oriente
610 557 725 610 paratos:

224 622 257 672 Et
272 634 375 687 quantos
391 619 460 668 oneri
472 618 506 667 est
519 634 577 668 aute
592 615 669 667 tulisse
681 618 753 670 duos.

187 694 244 747 Nec
260 706 341 743 tamen
357 692 498 759 indignum,
518 691 538 741 si
548 691 619 741 vobis
630 707 687 741 cura
703 691 835 759 placendi3

225 764 288 819 Cum
306 777 401 816 comtos
414 766 518 814 habeant
534 765 614 814 secula
628 764 707 814 nostra
722 765 798 820 viros.

188 838 305 892 Feminei
320 838 392 888 vestri
407 839 531 904 poliuntur
545 839 601 905 lege
618 838 715 888 mariti:
908 858 923 893 2
928 858 941 908 5

223 912 255 963 Et
265 913 309 963 vix
325 912 356 960 ad
370 912 449 961 cultus
459 924 551 976 nupta,
568 911 634 977 quod
644 911 734 970 addat,
753 912 836 963 habet.
887 906 889 910 ¹

188 984 262 1037 Proin
271 986 296 1052 se
308 1001 410 1051 quaeque
421 997 507 1050 parent
518 1002 527 1042 5
546 1001 592 1033 nec
604 1001 653 1050 quo
662 997 783 1035 venentur
792 1001 906 1048 amores,

223 1058 330 1109 Refert:
343 1057 464 1107 munditiae
480 1056 576 1106 crimina
592 1058 657 1107 nulla
671 1071 775 1110 merent.

187 1132 254 1184 Rure
265 1134 363 1189 latent,
380 1129 521 1197 linguntque
532 1147 614 1180 comas
626 1146 634 1181 t
646 1130 705 1181 licet
716 1132 804 1183 arduus
818 1131 872 1185 illas

224 1204 299 1254 Celet
314 1203 413 1262 Athos,
434 1205 510 1253 cultas
525 1205 587 1253 altus
602 1204 699 1254 habebit
714 1204 804 1257 Athos.
908 1218 943 1273 30

187 1276 228 1328 Est
245 1278 317 1327 etiam
332 1275 443 1343 placuisse
459 1276 504 1325 sibi
519 1290 694 1341 quotacumque
711 1281 843 1344 voluptas:

223 1349 366 1417 Virginibus
381 1348 449 1399 cordi
464 1359 578 1413 grataque
589 1348 666 1397 forma
676 1348 716 1397 sua
731 1350 774 1400 est.

189 1422 310 1475 Laudatas
325 1422 416 1472 homini
430 1421 538 1470 volucris
552 1420 657 1472 Junonia
671 1437 762 1484 pennas

225 1495 359 1561 Explicat5
377 1494 403 1544 δι
417 1493 495 1544 sormi
507 1505 572 1542 muta
583 1493 688 1559 superbit
701 1493 761 1544 avis.

188 1569 228 1621 sic
239 1566 321 1634 potiris
337 1584 381 1617 nos
396 1580 451 1618 utet
464 1583 552 1624 amor,
570 1570 641 1632 quim
655 1566 757 1619 sortibus
769 1567 869 1629 herbis,
908 1581 942 1635 35

225 1641 294 1705 Quas
304 1658 372 1708 maga
386 1640 489 1689 terribili
500 1639 608 1689 subsecat
622 1651 673 1689 arte
689 1657 780 1690 manus.

185 1718 243 1768 Nec
259 1732 304 1765 vos
318 1713 482 1782 graminibus,
501 1729 547 1761 nec
561 1712 636 1763 mixto
648 1714 739 1763 credite
751 1714 843 1767 succo:

225 1787 281 1837 Nec
295 1799 390 1837 tentate
406 1802 498 1835 nocens
514 1785 579 1834 virus
594 1785 694 1834 amantis
711 1802 789 1852 eqnae.

186 1861 244 1911 Nec
260 1860 344 1915 mediae
355 1858 443 1910 Marsis
453 1856 575 1907 finduntur
586 1858 695 1907 cantibus
710 1876 800 1927 angues
811 1875 820 1911 t

226 1933 281 1983 Nec
298 1934 362 1982 redit
375 1932 399 1981 in
413 1933 493 1983 sontes
505 1931 568 1981 unda
585 1932 665 1997 supina
681 1932 745 1984 suos.
909 1948 946 1998 40

188 2007 223 2057 Et
239 2006 345 2072 quamvis
360 2005 444 2070 aliquis
456 2004 580 2054 Temesaea
595 2006 727 2055 removerit
743 2022 810 2067 aera,

226 2079 362 2144 Numquam
377 2077 444 2126 Luna
460 2077 505 2125 suis
522 2078 661 2126 excutietur
676 2078 753 2142 equis.

188 2152 269 2204 Prima
285 2152 316 2202 sit
333 2152 358 2200 in
372 2149 442 2200 vobis
458 2166 551 2199 morum
567 2150 664 2208 tutela,
683 2150 792 2214 puellaet

226 2224 329 2292 Ingenio
345 2223 422 2286 facies
437 2223 581 2273 conciliante
596 2224 688 2288 placet.

188 2300 281 2351 Certus
291 2313 358 2348 amor
368 2312 460 2346 morum
471 2295 521 2345 est:
534 2295 634 2345 sormam
643 2294 798 2362 populabitur
806 2307 865 2347 aetas
876 2328 884 2356 ,
908 2311 943 2360 45

228 2370 261 2420 Et
275 2371 376 2435 placitus
391 2370 457 2438 tugIs
472 2370 554 2419 vultus
570 2381 650 2419 aratus
666 2368 722 2419 erit.

189 2446 300 2511 Tempus
313 2444 376 2502 etit,
393 2459 442 2510 quo
458 2458 503 2491 vos
518 2441 641 2507 speculum
655 2440 736 2491 vidisse
751 2441 864 2510 pigebit;

228 2518 260 2569 Et
277 2515 359 2567 veniet
373 2518 436 2584 rugis
453 2517 529 2566 altera
545 2515 633 2574 causa,
654 2516 734 2565 dolor.

191 2590 304 2649 Sufficit,
322 2590 349 2640 ἃ
362 2592 460 2655 longum
469 2590 578 2655 probitas
591 2588 705 2654 perdurat
715 2589 740 2637 in
755 2606 854 2647 aevum3

228 2666 334 2729 Fertque
349 2662 404 2711 suos
420 2678 495 2710 annos
509 2676 517 2709 t
529 2662 586 2709 hinc
603 2662 665 2709 bene
682 2660 773 2724 pendet
788 2676 865 2710 amor.
910 2674 944 2723 50

190 2739 267 2791 Disce
281 2750 345 2803 age,
365 2731 418 2782 crim
432 2746 531 2782 teneros
548 2733 643 2781 somnus
657 2731 771 2780 dimiserit
786 2744 872 2791 artus,

229 2807 339 2862 Candida
355 2820 402 2872 quo
418 2806 511 2871 possint
526 2821 569 2854 ota
584 2805 663 2853 nitere
679 2804 763 2853 modo.

191 2883 313 2941 Hordea,
332 2895 385 2946 quae
399 2878 484 2945 Libyci
498 2878 587 2926 tatibus
602 2876 686 2926 misere
702 2874 803 2938 coloni,

230 2958 300 3007 Exue
314 2954 344 3003 de
362 2953 431 3020 palea
446 2950 638 3016 tegminibusque
655 2948 708 3001 suis.

193 3030 239 3083 Par
258 3029 310 3079 ervi
324 3026 433 3077 mensura
448 3024 532 3073 decem
548 3022 660 3073 madefiat
676 3024 705 3072 ab
722 3021 794 3075 ovis:
914 3037 947 3091 55

232 3102 282 3152 Sed
297 3102 420 3151 cumulent
436 3099 509 3151 libras
524 3096 619 3151 hordea
634 3096 698 3150 nuda
714 3097 782 3151 duas.

262 3197 346 3250 Tomos
363 3191 387 3247 l.
835 3190 861 3240 N
