2392 3892
313 468 603 546 Hnnolnnr.
629 470 705 541 En.
727 471 801 543 XI.
861 464 948 567 49'
1001 565 1004 572 Δ

201 594 246 652 Sic
257 614 311 649 mea
319 594 408 646 vibrari
417 592 532 659 pallentia
537 592 643 641 membra
648 591 759 643 videres:

242 668 346 735 Quallus
360 669 390 717 ab
403 666 518 733 imposito
529 680 634 730 corpore
643 664 718 714 leitus
728 676 789 714 erat.

204 745 279 796 Irruit
290 777 298 802 ,
310 740 450 793 &nostrum
460 739 544 806 vulgat
555 740 660 789 clamore
667 737 785 803 pudorem
796 751 808 796 ς

241 816 273 867 Et
281 816 322 865 vix
332 832 345 863 a
355 814 441 863 misero
455 813 565 861 continet
577 827 621 861 ore
632 828 724 861 manus.
923 810 958 863 80

203 890 258 955 Ipsa
267 889 328 938 nihil
336 899 424 953 praeter
433 887 552 949 lacrymas
562 882 699 947 pudibunda
706 882 803 949 profudi
815 896 825 935 ε

241 962 384 1026 Torpuerat
395 956 477 1023 gelido
486 957 568 1020 lingua
578 968 673 1005 retenta
681 970 758 1005 metu.
846 983 850 996 ·

200 1034 218 1092 Ι
220 1049 309 1101 amque
319 1031 371 1080 dari
381 1044 481 1095 parvum
489 1028 636 1095 canibusque
644 1028 776 1096 avibusque
785 1038 901 1097 nepotem

243 1104 368 1161 Iusserat,
385 1102 409 1152 in
423 1100 478 1152 solis
488 1100 627 1169 destituique
636 1102 708 1153 locis.

202 1179 317 1247 Vagitus
327 1173 393 1226 dedit
401 1174 443 1225 ille
452 1173 521 1225 miser
531 1191 540 1233 ς
551 1174 645 1227 sensisse
652 1187 770 1243 putares:
927 1175 943 1228 8
948 1190 960 1241 5

245 1248 352 1316 Quique
361 1248 426 1300 suum
435 1260 532 1314 poterat
541 1266 620 1308 voce,
633 1251 733 1317 rogabat
742 1269 825 1305 avum.
888 1277 900 1295 ι

205 1324 276 1390 Quid
284 1322 342 1380 mihi
355 1334 411 1372 tunc
421 1321 492 1371 a'nimi
502 1322 585 1372 credas
594 1333 605 1379 ·,
614 1339 726 1388 germane
737 1325 820 1381 ,tuille
829 1342 843 1387 3
875 1347 877 1353 ·

220 1415 223 1423 ·
245 1396 256 1463 (
266 1398 332 1447 Nam
340 1408 411 1461 potes
422 1411 453 1444 ex
462 1394 542 1443 animo
552 1395 668 1461 colligere
674 1395 724 1459 ipse
731 1406 776 1446 tuo
786 1398 797 1464 )

207 1468 269 1522 Caim
280 1486 337 1519 mea
346 1483 402 1527 ,me
414 1483 508 1525 coram,
516 1467 587 1517 silvas
598 1466 706 1518 inimicus
717 1466 741 1516 in
749 1470 809 1521 altas

242 1542 346 1596 Viscera
353 1539 471 1591 montanis
482 1540 557 1590 ferret
567 1540 661 1591 edenda
670 1538 754 1606 lupis?
924 1554 961 1608 90

206 1616 308 1667 Exierat
317 1616 422 1665 thalamo
434 1630 442 1664 :
453 1626 510 1664 tunc
522 1614 617 1665 demum
629 1613 727 1680 petiere
737 1612 818 1683 plangi

246 1688 376 1755 Contigit,
387 1688 459 1753 inque
468 1703 533 1738 meas
543 1687 662 1755 unguibus
670 1687 706 1737 ire
715 1703 799 1754 genas.

208 1762 308 1813 Interea
318 1760 408 1827 patrius
417 1794 425 1819 ι
435 1761 504 1810 vultu
513 1773 628 1810 maetente
638 1793 646 1819 ‚
659 1760 754 1813 satelles

245 1835 342 1894 venir,
353 1833 377 1884 &
388 1833 499 1901 indignos
510 1833 584 1883 edidit
594 1850 637 1883 ore
647 1832 734 1884 sonos:

205 1904 298 1959 AEolus
306 1909 371 1958 hunc
381 1906 461 1957 ensem
467 1907 539 1957 mittit
547 1907 592 1957 tibi
602 1921 611 1958 t
620 1904 632 1971 (
639 1907 736 1958 tradidit
742 1906 852 1977 ensem)
925 1920 963 1973 95

247 1981 279 2031 Et
287 1979 357 2047 jubet
364 1996 398 2030 ex
407 1979 494 2030 merito
506 1980 565 2031 scire
582 1979 639 2049 quid
646 1980 688 2031 iste
702 1982 771 2033 velit.

213 2053 321 2113 Scimus,
335 2054 360 2104 ὃ(
371 2065 464 2104 utemur
472 2054 582 2106 violento
593 2055 691 2105 fortiter
704 2056 779 2108 ense:

248 2126 387 2177 tenoribus
398 2127 498 2176 condam
510 2127 573 2177 dona
586 2140 687 2193 paterna
694 2129 764 2178 meis.

212 2199 256 2250 His
266 2216 320 2251 mea
329 2200 482 2258 muneribus,
493 2200 588 2267 genitor
599 2233 607 2258 ,
618 2200 741 2249 connubia
749 2195 846 2250 donas?
881 2192 885 2198 ’

247 2272 302 2323 Hac
313 2284 355 2323 tua
365 2272 425 2321 dote
436 2304 445 2330 ,
455 2285 539 2336 pater,
548 2270 596 2320 filia
606 2271 673 2320 dives
684 2268 748 2319 erit?
931 2283 982 2322 100

214 2346 286 2396 Tolle
295 2347 382 2413 procul
396 2344 501 2409 decepte
511 2344 592 2401 faces,
603 2342 752 2410 Hymenaee,
761 2340 874 2402 maritas3

248 2420 281 2469 Et
291 2420 348 2487 fuge
358 2419 457 2469 turbato
467 2417 531 2468 teila
538 2417 642 2467 nefanda
652 2415 725 2483 pede.

213 2490 286 2543 Ferte
294 2492 362 2543 faces
372 2492 398 2542 in
408 2508 446 2543 me
456 2524 464 2550 ,
475 2509 534 2559 quas
544 2491 629 2551 fertis,
640 2490 760 2560 Erinnyes
769 2503 826 2545 atre
836 2506 848 2546 t

249 2566 285 2617 Ut
295 2582 362 2616 meus
375 2580 406 2615 ex
419 2564 462 2616 iilo
471 2566 552 2616 luceat
560 2565 616 2633 igne
627 2582 711 2633 rogus.

215 2637 305 2689 Nubite
315 2638 417 2698 felices,
428 2636 502 2689 Parti
511 2639 627 2698 meliore,
640 2639 734 2690 sorores
745 2656 755 2691 ι
931 2649 980 2699 105

249 2709 356 2762 Admissi
364 2728 481 2762 memores
491 2712 532 2763 sed
541 2725 623 2763 tamen
632 2712 680 2763 este
692 2714 751 2764 mei.

216 2780 281 2847 Quid
292 2800 356 2851 puer
364 2784 470 2845 admisit,
482 2800 531 2836 tam
544 2787 628 2853 paucis
636 2786 714 2837 editus
722 2781 813 2835 horis?

251 2857 310 2921 Quo
322 2855 384 2907 laesit
392 2857 453 2909 fatie
464 2860 521 2918 ,vix
532 2861 594 2909 bene
604 2871 674 2909 natus
684 2893 692 2918 ,
702 2874 773 2907 avum
783 2854 795 2905 ἒ

218 2927 242 2979 Si
250 2930 331 2997 potuit
341 2928 449 2982 meruisse
459 2948 544 2982 necem
555 2964 563 2989 ,
576 2931 685 2982 meruill'e
695 2943 804 2997 putetur.

252 3003 292 3053 Ah
304 3003 311 3052 l
322 3004 393 3054 miser
401 3003 496 3055 admisso
505 3002 616 3071 pletlitur
624 3003 665 3053 ille
673 3020 739 3055 meo.
933 3014 988 3054 110

220 3072 280 3128 Nate
298 3077 368 3127 dolor
378 3077 474 3136 matris,
484 3077 620 3143 rapidarum
630 3076 710 3140 praeda
721 3077 843 3136 ferarum,

253 3148 303 3198 Hei
309 3150 367 3199 mihi
378 3149 385 3200 Ξ
398 3150 472 3214 natali
480 3149 609 3204 dlacnate
618 3159 681 3201 tuo:

258 3220 377 3277 Tomus'l.
511 3219 520 3272 s
836 3215 863 3280 C
