2392 3892
279 457 444 527 'Ltnnn
467 458 497 525 I.
521 458 716 528 Educta
740 459 811 530 XI.
847 483 922 557 137

236 592 889 684 Tess———Ade--t
925 642 928 648 ·

215 834 219 843 ⁴
372 737 398 800 E
419 739 444 799 L
464 737 490 801 E
512 738 542 801 G
563 737 578 798 Ι
598 738 629 799 Α
683 737 713 799 X
732 736 759 798 Ι.

219 828 433 949 comem
444 895 569 953 incertos,
582 894 608 946 δι
619 896 643 944 in
654 893 859 961 ordinemne,
871 893 947 949 crines

248 968 348 1028 Dodia,
369 983 450 1033 neque
468 968 564 1019 ancillas
578 967 643 1019 inter
658 969 787 1027 habenda,
803 967 875 1033 Nape
887 985 897 1027 ς

217 1038 283 1107 Inque
302 1040 438 1090 ministetiis
454 1040 548 1091 furtive
565 1042 662 1112 cognita
677 1040 755 1092 nostis

248 1114 341 1172 Utilis,
365 1112 391 1163 &
408 1113 490 1163 dandis
506 1115 629 1181 ingeniosa
644 1115 727 1174 notis3

220 1184 278 1252 Saepe
291 1186 379 1237 venire
392 1186 423 1235 ad
436 1204 474 1237 me
490 1188 637 1239 dubitantem
651 1188 748 1239 hortata
757 1186 908 1246 Corinnam
930 1200 944 1250 5

248 1260 315 1327 Saepe
331 1260 452 1311 laboranti
467 1258 514 1312 fida
530 1274 628 1327 reperta
642 1261 720 1319 mihi3

219 1329 319 1399 Accipe,
339 1332 366 1383 δι
383 1334 415 1383 ad
432 1332 551 1381 dominam
567 1344 690 1398 peraratas
707 1347 776 1382 mane
791 1334 893 1384 tabellas

249 1404 350 1464 Perfer3
373 1406 399 1455 ἃ
417 1404 536 1456 obstantes
552 1404 633 1455 sedula
650 1405 715 1469 pello
731 1420 821 1454 moras.

219 1476 265 1528 Nec
279 1478 373 1529 silicum
386 1495 476 1538 venae,
493 1495 540 1529 nec
556 1478 642 1529 durum
655 1478 680 1527 in
695 1476 795 1542 peiiore
811 1477 919 1535 sertum,

247 1552 299 1601 Nec
314 1552 360 1600 tibi
374 1552 512 1617 simplicitas
529 1552 615 1602 ordine
631 1550 710 1615 major
724 1548 794 1599 inest.
932 1562 965 1599 10

204 1622 332 1677 .Credibiie
349 1624 383 1675 est
403 1626 429 1675 δι
445 1636 471 1675 te
489 1624 584 1676 sensisse
601 1623 726 1691 Cupidinis
740 1638 830 1674 arcusz

246 1698 273 1747 in
288 1715 328 1748 me
344 1697 434 1749 militiae
449 1698 518 1765 signa
534 1710 605 1748 tuere
621 1708 680 1748 tuae.
711 1745 714 1751 ,

216 1768 237 1819 si
251 1782 361 1836 quaeret,
379 1771 436 1838 quid
452 1787 541 1838 agam
557 1770 606 1838 Spe
623 1770 700 1821 nostis
714 1769 818 1828 vivere,
835 1766 912 1820 dices.

247 1843 400 1895 Cetera-fert
416 1843 503 1894 blandi
519 1860 575 1894 cera
590 1855 676 1894 notata
691 1860 773 1895 manu·

214 1915 274 1974 Dum
282 1918 380 1983 loquor,
389 1917 449 1967 hora
457 1916 625 1984 iugitzvacuae
633 1918 697 1967 bene
705 1916 781 1967 redde
789 1916 906 1966 niellus:
930 1928 959 1977 15

246 1988 338 2040 Vettim
355 1986 469 2040 continui
486 1990 525 2040 iac
541 2002 622 2041 tamen
637 1990 678 2040 illa
694 1990 770 2057 legat.

213 2060 315 2127 aspicias
332 2063 418 2114 oculos
433 2064 539 2121 mando,
558 2064 712 2129 frontemque
726 2060 852 2130 legentis:

246 2135 265 2184 E
281 2135 358 2185 tacito
373 2136 444 2186 vultu
459 2135 519 2185 scite
536 2135 617 2187 fututa
629 2135 697 2186 licet.

214 2206 264 2257 Nec
280 2225 349 2259 mora
365 2223 374 2257 t
388 2206 501 2273 periodis
512 2208 656 2265 ,-·tescribnt
671 2208 745 2258 multa
759 2207 857 2275 jubeto·

246 2280 314 2340 Odi,
335 2277 390 2333 etim
406 2278 456 2330 lati
472 2279 593 2345 splendida
609 2296 666 2330 ceta
681 2293 760 2332 vacat.
927 2290 962 2328 20

213 2352 357 2418 Conprimat
373 2352 496 2404 ordinibus
512 2351 614 2412 versus,
633 2355 765 2420 oculosque
779 2366 889 2405 monetur

245 2427 357 2494 Margine
374 2426 399 2476 in
414 2438 526 2476 extremo
543 2426 613 2477 litera
627 2427 677 2476 rasa
692 2444 770 2478 meos.
838 2447 843 2455 ·

214 2496 274 2560 Quid
292 2499 380 2565 digitos
397 2516 457 2564 opus
475 2498 509 2550 est
525 2500 625 2566 graphio
641 2499 724 2550 iaffate
739 2496 871 2552 tenendo?

245 2571 300 2621 Hoc
316 2571 404 2622 habeat
419 2572 532 2638 scriptum
546 2584 601 2623 tota
615 2574 723 2632 tabella,
742 2574 820 2626 Veni.

212 2642 265 2692 Non
278 2660 328 2711 ego
344 2644 454 2695 vidricus
469 2646 538 2697 lauto
555 2645 668 2705 redimire
684 2647 805 2703 tabellas,
925 2655 958 2705 25

243 2718 298 2767 Nec
315 2717 421 2770 Venetis
438 2718 517 2768 medii
531 2736 624 2783 ponere
640 2720 665 2769 in
683 2718 736 2768 aede
754 2731 845 2766 morer.

212 2786 377 2847 subscribam
393 2790 505 2850 Veneti,
520 2790 580 2842 fidas
594 2791 657 2855 sihi,
674 2790 741 2857 Nasp
756 2783 872 2839 ministm

243 2861 350 2922 Dedicat
365 2878 373 2919 t
388 2873 414 2918 at
428 2872 506 2934 nupet
522 2865 569 2918 vile
586 2863 661 2919 inistis
675 2877 744 2917 acet·

562 3040 625 3119 ⁵⁴8³

563 3110 625 3158 w:
