2392 3892
256 447 304 519 86
365 447 406 515 P.
436 444 622 516 Ονιυιι
648 447 874 519 ΝΑεοΝις

259 565 326 631 Quid
340 567 447 617 bibulum
462 583 538 617 curvo
553 566 707 631 proscindere
723 568 779 618 litus
797 584 878 620 aratro
889 604 901 629 ,.

199 653 248 702 ¹40
295 640 416 706 Spemque
429 640 495 707 sequi
505 657 599 697 coner,
618 656 688 706 quem
697 641 766 690 iocus
775 642 826 707 ipse
837 640 934 710 neget?

257 713 315 763 Sum
325 713 391 762 rudis
400 714 430 762 ad
440 713 545 765 Veneris
556 712 646 762 furtum
656 730 663 763 ε
676 713 788 779 nuliique
799 714 897 765 fidelem
907 748 916 775 ,

294 786 328 835 Di
343 787 401 836 mihi
416 786 468 836 sunt
483 785 572 843 testes,
589 787 688 836 lusimus
703 797 755 835 arte
770 787 857 839 virum.
931 815 934 819 ·

257 858 331 908 Nunc
341 876 437 926 quoque
447 892 455 917 ,
466 860 530 926 quod
540 859 616 910 tacito
626 860 714 908 mando
724 875 777 907 mee
787 862 863 911 verba
874 860 970 920 libello,
1058 842 1064 892 Ῐ

295 932 413 999 Fungitur
428 930 510 982 officio
523 933 593 981 litera
610 931 688 981 nostra
704 948 780 981 novo.

200 1017 248 1067 145
261 1004 374 1063 Felices,
390 1006 475 1071 quibus
490 1005 545 1054 usus
561 1004 626 1053 adest
645 1004 652 1054 i
670 1020 736 1070 ego,
754 1004 833 1056 nescia
847 1022 947 1063 rerum,

295 1076 426 1128 Difficilem
445 1080 522 1141 culpae
538 1077 644 1141 suspicor
661 1076 708 1125 effe
724 1076 798 1129 viam.

258 1150 312 1217 lpse
321 1152 385 1200 maio
393 1152 474 1199 metus
485 1149 518 1198 eii
530 1166 537 1199 :
548 1147 595 1213 jam
605 1145 671 1199 'nunc
682 1150 836 1211 confundor,
848 1150 874 1203 δι
887 1145 971 1201 omne'd'

295 1222 322 1272 in
338 1222 421 1272 nostris
434 1222 520 1273 oculos
535 1221 643 1273 vultibus
658 1221 705 1272 effe
720 1239 788 1275 reor.

258 1296 312 1346 Nec
328 1312 386 1347 reor
399 1296 448 1345 hoc
463 1293 526 1346 saled
538 1312 546 1345 t
560 1295 624 1347 serui
638 1297 699 1345 mala
713 1313 834 1349 murmure
847 1297 937 1365 vulgic
1017 1336 1020 1341 .

199 1380 250 1431 150
297 1369 329 1419 Et
346 1370 457 1435 quasdam
468 1386 544 1420 uoces
561 1369 645 1420 retulit
659 1368 747 1420 AEthra
762 1370 835 1422 mihi.

259 1442 293 1492 At
308 1455 336 1493 tu
350 1444 489 1501 dissimula,
506 1443 586 1493 nisisi
601 1442 714 1492 desistere
729 1442 816 1495 mavis.

296 1516 345 1566 Sed
362 1534 408 1567 cur
422 1513 541 1567 desistas?
557 1515 707 1566 dissimulare
721 1527 805 1579 poter.
840 1552 842 1556 ,

261 1588 349 1648 Lude,
367 1590 408 1640 sed
426 1588 525 1640 occulte
541 1604 549 1640 r
564 1588 662 1654 major,
680 1604 730 1637 non
745 1589 848 1639 maxima
866 1586 934 1639 nobis

297 1662 336 1711 Est
349 1662 404 1712 data
421 1663 540 1719 libertas,
559 1662 625 1728 quod
638 1661 768 1712 Menelaiis
784 1661 859 1711 abest.

201 1747 230 1797 15
240 1750 252 1797 5
263 1735 308 1784 Ille
319 1735 414 1801 quidem
424 1736 511 1801 procui
521 1734 554 1784 eii
566 1768 574 1793 ‚
588 1735 622 1784 ite
632 1751 659 1784 re
670 1747 775 1801 cogente
787 1768 795 1793 ‚
814 1734 946 1800 profeum.

298 1808 388 1875 Magna
402 1809 448 1858 fuit
463 1809 544 1858 subite
557 1806 665 1874 justeque
680 1807 749 1857 causa
762 1808 831 1857 viaet

260 1879 311 1932 Aut
321 1882 377 1930 mihi
386 1882 420 1931 sic
430 1881 507 1930 visum
515 1881 557 1930 est.
570 1881 639 1947 Ego,
651 1879 706 1931 crim
716 1880 853 1938 dubitaret,
862 1897 894 1929 an
908 1879 972 1937 iret,
1021 1895 1029 1908 ⁴

300 1952 378 2015 Qudm
394 1951 515 2018 primdm',
533 1953 603 2012 dixi,
621 1954 660 2003 fac
674 1954 795 2004 rediturus
812 1969 864 2008 eas.

262 2025 352 2077 Omine
369 2028 463 2077 iaetatus
480 2026 547 2075 dedit
564 2026 646 2075 oscula
661 2042 669 2077 t
686 2026 804 2093 Resque,
820 2026 975 2091 domusque,

203 2096 252 2149 160
299 2099 331 2151 Et
347 2101 392 2150 tibi
407 2100 439 2149 sit
454 2116 519 2149 curae
531 2099 625 2149 Troius
640 2096 748 2165 hospes,
767 2100 810 2150 ait.

262 2174 312 2227 vix
328 2174 396 2224 tenui
410 2172 480 2223 risum
498 2190 508 2223 t
526 2190 597 2240 quem
615 2173 671 2223 dum
687 2173 842 2237 compescere
857 2170 956 2230 indier,

299 2249 340 2297 Nii
354 2248 389 2296 iili
404 2247 474 2312 potui
488 2246 593 2306 dicere,
608 2259 714 2311 praeter,
729 2245 792 2295 Erit.

261 2320 326 2373 vere
341 2320 436 2385 quidem
451 2320 548 2370 Creten
561 2321 640 2371 remis
656 2320 724 2368 dedit
737 2319 779 2368 ille
795 2316 927 2368 secundis&
970 2359 974 2365 .

215 2392 227 2399 ⁸
281 2451 283 2461 Ι
297 2393 348 2443 Sed
361 2406 388 2443 cu
405 2410 455 2442 non
470 2393 527 2443 ideo
544 2393 628 2444 cundia
644 2394 718 2443 licere
733 2403 800 2457 puta.

204 2460 234 2512 16
239 2477 252 2526 5
264 2464 304 2515 Sic
320 2482 387 2516 meus
402 2465 458 2515 hinc
472 2466 509 2516 vir
521 2466 585 2515 abest
597 2499 606 2524 ,
622 2479 649 2515 ut
665 2483 705 2516 me
720 2463 837 2515 custodiat
851 2463 950 2515 absens.

298 2538 339 2589 An
353 2538 429 2588 nescis
445 2539 528 2604 longas
543 2539 642 2605 regibui
658 2537 705 2588 effe
722 2534 829 2588 manus?

263 2612 334 2663 Fama
349 2628 446 2679 quoque
463 2610 497 2661 est
512 2613 581 2661 oneri
595 2629 602 2661 :
616 2630 670 2661 nam
687 2628 736 2678 quo
750 2606 896 2660 constantius
911 2621 959 2659 ore

267 2711 270 2717 ⁴
300 2687 435 2737 Laudamur
449 2684 550 2743 vestro,
567 2683 650 2750 jussids
664 2686 705 2735 ilie
721 2685 801 2735 timet.

169 2805 172 2811 .
265 2758 328 2825 Quae
338 2759 444 2825 juvat,ut
454 2774 517 2809 nunc
528 2756 659 2817 est,eadem
669 2759 726 2808 mihi
736 2757 812 2824 gioria
823 2756 911 2808 damno
922 2753 955 2805 eii
964 2767 978 2804 z.

204 2844 254 2894 170
301 2833 333 2883 Et
342 2834 426 2883 melius
439 2833 507 2882 famae
517 2834 592 2882 verba
604 2832 692 2883 dedisse
703 2832 778 2881 foret.

264 2904 337 2964 Nec,
353 2907 417 2972 quod
430 2906 512 2963 abest,
524 2904 564 2954 hic
578 2922 617 2955 me
632 2918 714 2954 tecum
729 2906 815 2954 mirare
830 2902 959 2955 relidam&

302 2978 412 3029 Moribus
429 2979 454 3029 ἃ
469 2979 526 3029 vitae
542 2979 644 3028 credidit
658 2979 699 3027 iile
715 2994 787 3026 meae.

264 3052 383 3122 Deliacie
398 3051 503 3107 metuit,
521 3052 579 3101 vitae
594 3049 693 3100 confidit
710 3066 717 3099 ε
734 3050 760 3099 δι
775 3050 844 3098 iilum

300 3123 417 3176 Securum
432 3125 539 3191 probitas
545 3145 560 3183 ·,
575 3124 654 3190 forme
667 3123 754 3174 timec
768 3121 841 3193 iacit,
933 3161 944 3173 „
