2392 3892
297 453 580 525 Hrnorors.
605 454 679 523 Er.
703 454 797 527 XX.
837 475 909 553 ¹03

206 570 241 624 Sit
255 572 319 625 fraus
334 573 392 625 huic
406 590 496 624 nomen
511 574 594 631 frito,
611 573 725 638 dicarque
739 573 855 627 dolosus:

240 646 266 697 si
276 659 357 697 tamen
368 646 420 703 est,
436 648 502 714 quod
512 665 578 698 ames
589 681 597 707 ‚
612 648 678 696 velle
689 658 776 695 tenere
787 647 867 699 dolus.

205 717 242 769 En
258 720 345 770 iterum
362 720 457 780 scribo,
474 722 593 787 mittoque
610 719 722 789 rogantia
737 720 832 770 verba:

241 793 326 843 Altera
337 794 401 843 fraus
411 795 463 843 haec
474 794 527 853 est;
545 793 658 859 quodque
669 793 776 859 queraris
787 826 795 851 ,
815 794 898 845 habes.

206 864 231 915 si
247 882 329 917 noceo
347 866 413 933 quod
429 882 504 923 amo;
521 866 621 924 fateor,
637 867 689 915 sine
705 864 754 916 fine
770 868 887 919 noceboz
924 881 937 933 3
943 883 955 931 5

241 939 332 1005 Teque
349 950 452 1002 petam:
466 953 553 989 caveas
568 951 596 989 tu
613 938 671 989 licet
683 937 732 1004 ipsa
748 938 809 1004 peti.

205 1010 254 1063 Per
270 1010 365 1078 gladios
381 1010 421 1060 alii
437 1012 536 1076 placitas
551 1028 653 1079 rapuere
670 1011 784 1079 puellas:

243 1084 343 1149 Scripta
357 1082 413 1134 mihi
429 1082 499 1135 cauti
510 1085 581 1137 litera
596 1087 686 1136 crimen
700 1082 770 1135 erit?

203 1157 244 1208 Di
260 1156 367 1216 faciant,
385 1158 473 1223 possim
489 1159 570 1224 plures
585 1160 712 1226 imponere
726 1156 828 1210 nodosi

244 1230 282 1279 Ut
298 1242 339 1280 tua
354 1229 385 1279 sit
400 1230 465 1281 nulli
479 1232 555 1282 libera
569 1245 640 1298 parre
654 1231 725 1283 fides.
926 1246 963 1294 40
1062 1274 1064 1280 .

205 1302 280 1355 Mille
297 1303 348 1353 doli
364 1303 453 1354 restant
469 1319 478 1354 e
495 1306 560 1354 clivo
576 1305 686 1355 sudamus
701 1306 726 1353 in
742 1303 800 1355 imo.

244 1376 326 1427 Ardor
341 1377 495 1442 inexpertum
511 1377 545 1426 nil
560 1377 625 1426 sinet
640 1376 687 1427 eise
702 1393 780 1427 meus.

207 1450 243 1500 Sit
259 1450 377 1508 dubium,
395 1448 506 1515 possisne
522 1450 596 1517 capi;
615 1451 744 1517 captabere
759 1446 853 1501 certis

243 1524 328 1574 Exitus
342 1523 368 1573 in
384 1522 431 1573 Dis
448 1523 504 1575 est:
522 1524 564 1574 sed
580 1524 677 1589 capiere
692 1536 783 1575 tamen.

209 1597 245 1647 Ut
263 1609 357 1662 partem
372 1594 489 1663 effugias,
509 1614 560 1647 non
575 1597 656 1647 omnia
670 1597 733 1648 retia
749 1590 839 1655 fallen
928 1610 964 1659 45

245 1670 309 1735 Quae
323 1670 366 1719 tibi
377 1703 391 1727 ,Α
403 1673 473 1736 quim
488 1671 568 1721 credis
579 1704 587 1730 ,
605 1672 674 1737 plura
689 1672 794 1722 tetendit
804 1670 893 1721 Amor.

208 1744 234 1793 Si
251 1760 302 1793 non
319 1741 447 1809 proficiant
462 1756 546 1801 artes,
565 1744 691 1795 veniemus
706 1745 738 1794 ad
754 1762 838 1803 arma,

246 1817 323 1882 lnque
340 1816 376 1867 tui
389 1816 479 1882 cupido
494 1830 563 1883 rapta
580 1818 660 1869 ferere
674 1819 738 1870 sinu.

208 1889 329 1941 Nonium
341 1923 356 1949 „
368 1891 408 1955 qui
418 1890 508 1941 soleam
519 1890 610 1942 Paridis
620 1892 801 1959 reprehendere
811 1892 898 1943 fastum
910 1909 918 1951 ;

246 1963 302 2012 Nec
317 1979 476 2029 quemquam,
492 1966 550 2031 qui,
568 1966 606 2015 vir
619 1967 698 2032 possit
711 1979 740 2017 ut
753 1966 818 2025 eise,
836 1967 891 2016 fuit.
931 1980 965 2029 50

210 2037 265 2087 Nos
276 2051 373 2103 quoque
385 2052 393 2087 2
404 2037 445 2087 sed
454 2049 527 2088 taceo
537 2055 545 2090 ε
557 2055 623 2088 mors
632 2038 704 2104 hujus
714 2056 787 2104 poena
797 2039 887 2103 rapinae

247 2107 356 2169 Ut·sit;
370 2109 435 2168 erit,
452 2115 522 2175 quim
537 2123 564 2161 te
580 2128 630 2159 non
645 2111 768 2166 habuiffe,
788 2112 876 2160 minor.

210 2182 264 2235 Aut
278 2182 338 2233 effes
354 2182 459 2233 formosa
473 2183 573 2239 minus,
590 2182 705 2247 peterere
721 2181 837 2231 modesti.

248 2254 363 2307 Audaces
381 2254 443 2305 facie
461 2254 571 2322 cogimur
587 2253 634 2303 elie
650 2252 702 2303 tud.

211 2328 254 2380 Tu
268 2329 326 2379 facis
343 2329 392 2380 hoc
402 2329 521 2395 oculique
538 2328 592 2386 tui,
611 2327 697 2394 quihus
711 2327 782 2396 ignea
797 2327 887 2378 cedunt
935 2340 966 2391 55

223 2442 226 2449 .
251 2402 358 2461 Sidera3
374 2403 414 2469 qui
429 2402 530 2452 flammae
547 2401 617 2451 causa
633 2401 703 2451 fuere
720 2418 788 2452 meae.

212 2474 271 2525 Hoc
287 2476 344 2525 ilasi
361 2476 452 2527 iaciunt
467 2477 566 2537 crines,
587 2476 614 2526 &
630 2476 735 2526 eburnea
751 2477 853 2536 cervix3

253 2548 385 2615 Quaeque,
401 2566 508 2617 precor,
524 2551 623 2601 veniant
638 2550 663 2599 in
679 2566 732 2600 mea
748 2551 812 2601 colla
828 2566 911 2599 manus
924 2564 933 2607 ς

213 2622 247 2674 Et
264 2622 362 2680 decor,
380 2622 407 2672 δι
424 2625 504 2674 vultus
518 2614 718 2675 sine'rusticitate
732 2624 851 2691 pudentes
863 2640 873 2681 3

253 2695 304 2754 Et,
325 2695 426 2745 Thetidi
442 2698 580 2762 quales-vix
594 2714 649 2749 rear
664 2696 732 2755 effe,
751 2698 838 2763 pedes.
937 2693 972 2745 60

215 2770 310 2821 Cetera
326 2768 349 2821 si
365 2767 585 2833 possemhudare,
605 2773 701 2821 beatior
717 2770 809 2820 ess'em:

255 2844 311 2893 Nec
327 2842 432 2900 dubito,
451 2853 529 2893 totum
546 2845 602 2911 quin
616 2845 661 2895 sibi
676 2860 721 2911 par
736 2844 767 2894 sit
782 2858 854 2910 opus.

216 2916 272 2966 Hac
289 2932 336 2982 ego
353 2914 506 2981 compulsus,
523 2918 620 2969 nonest
634 2917 761 2977 mirabile,
780 2914 878 2985 sormi,

257 2989 282 3038 Si
300 2989 385 3055 pignus
401 2990 469 3039 volui
487 2992 555 3041 vocis
572 2991 662 3043 habere
678 3003 736 3043 ωε.

218 3061 354 3125 Denique,
372 3063 427 3113 dum
442 3076 535 3131 captam
549 3076 578 3113 tu
593 3076 619 3115 ta
635 3081 724 3131 cogare
738 3064 831 3125 fateri,
939 3059 972 3121 65

259 3134 352 3187 insidiis
369 3136 419 3191 esto
437 3150 507 3205 capta
522 3139 604 3206 puella
619 3139 690 3191 meis.
827 3209 868 3258 Ε.

861 3224 886 3257 rv

971 3393 1039 3461 Ἰ
