2392 3892
280 447 337 498 na
365 429 483 497 Arra
506 430 698 497 Annivm
726 429 764 498 L.
790 433 819 499 I.
846 451 918 504 211

215 550 329 605 Interea,
349 546 402 597 sive
419 548 459 596 illa
474 560 532 598 toro
549 548 658 612 resupina
675 549 786 609 seretur,

250 621 370 673 Leslica'm
386 621 488 671 dominae
504 620 680 687 dissimulanter
694 623 754 680 adi;

214 696 285 745 Neve
298 692 384 759 aliquis
401 695 482 743 verbis
499 694 592 743 odiosas
607 693 692 744 afferat
708 712 800 752 aures,

251 766 332 831 Quam
347 779 437 832 potes,
454 768 569 833 ambiguis
586 768 686 817 callidus
702 770 764 819 abde
780 767 855 822 notis.
934 783 987 835 490

214 840 263 891 Seu
278 840 382 905 pedibus
398 840 481 890 vacuis
497 841 532 889 illi
547 841 647 905 spatiosa
662 854 756 891 teretur

250 912 381 971 Porticus,
399 912 439 962 hic
455 914 531 964 socias
547 926 574 962 tu
591 931 688 980 quoque
705 914 780 983 junge
795 932 884 967 moras.

213 985 246 1035 Et
260 984 334 1036 modd
351 986 493 1051 praecedas,
511 988 586 1036 facito
598 1004 607 1045 3
628 986 701 1038 modis
715 1000 784 1056 terga
801 989 926 1057 sequaris,

250 1059 282 1108 Et
297 1057 371 1109 modd
387 1058 482 1109 festines
492 1077 501 1118 ς
519 1060 544 1109 dt
561 1058 634 1109 modd
651 1062 731 1111 lentus
748 1080 799 1113 eas.

213 1132 269 1182 Nec
284 1132 328 1181 tibi
345 1132 376 1182 de
392 1133 475 1183 mediis
489 1134 581 1198 aliquot
596 1135 698 1183 transire
714 1137 839 1186 columnas
935 1146 969 1195 49
975 1148 986 1195 5

251 1204 288 1254 sit
304 1206 401 1270 pudor,
420 1216 461 1254 aut
478 1206 550 1274 lateri
563 1207 708 1257 continuasse
725 1210 798 1259 latus.

205 1278 270 1335 ‘Nec
285 1278 338 1328 sine
354 1292 379 1327 te
394 1294 469 1328 curvo
484 1277 566 1327 sedeat
583 1279 682 1342 spatiosa
698 1282 795 1331 theatro
810 1299 819 1332 ε

252 1350 328 1413 Quod
345 1350 455 1415 spestes,
473 1351 578 1398 humeris
594 1350 679 1400 afferet
695 1353 735 1400 illa
751 1354 808 1407 suis,

214 1422 283 1474 lllam
299 1424 431 1489 respicias,
450 1424 514 1472 illam
530 1424 636 1480 mirere,
654 1424 756 1481 licebit3

251 1495 332 1545 Multa
348 1496 496 1562 supercilio,
515 1499 589 1546 multa
607 1500 707 1562 loquare
723 1496 798 1548 notis.
937 1509 989 1559 500

197 1568 246 1618 ·Et
263 1569 381 1634 plaudas,
399 1571 501 1637 aliquam
517 1571 590 1619 mimo
608 1570 707 1618 saltante
724 1572 849 1635 puellam

251 1640 283 1689 Et
300 1642 381 1691 faveas
397 1642 449 1700 illi,
468 1644 573 1710 quisquis
591 1654 675 1709 agatur
690 1659 781 1693 amans.

216 1711 281 1763 Ciirn
298 1713 396 1780 surget,
413 1715 493 1781 surges
508 1733 514 1766 :
529 1717 608 1765 donec
625 1716 693 1765 sedet
707 1717 766 1774 illa,
784 1714 889 1766 sedebis.

252 1786 361 1837 Arbitrio
376 1788 479 1839 dominae
495 1801 606 1856 tempora
621 1790 696 1855 perde
713 1801 772 1839 tuae.

214 1860 264 1910 Sed
281 1860 325 1916 tibi
342 1877 388 1910 nec
404 1862 470 1911 ferro
487 1863 582 1928 placcat
597 1874 713 1929 torquere
730 1864 850 1929 capillos:
936 1872 949 1924 5
955 1873 987 1921 05

253 1934 307 1981 Nec
324 1944 366 1988 tua
381 1936 487 1985 mordaci
503 1939 598 2002 pumice
616 1953 684 1986 crura
701 1948 776 1989 teras.

214 2004 261 2055 Ista
278 2003 335 2069 jube
351 2006 458 2066 saciant,
481 2026 582 2074 quorum
601 2008 721 2076 Cybeleia
737 2023 815 2061 mater

253 2077 397 2129 Concinitur
414 2080 523 2146 Phrygiis
540 2083 664 2130 exululata
679 2083 767 2132 modis.

214 2152 303 2201 Forma
319 2152 384 2202 viros
402 2153 511 2219 neglesla
528 2154 611 2202 decet.
628 2152 742 2201 Minoida
758 2149 869 2201 Theseus

253 2222 377 2283 Abstulit,
396 2243 408 2273 a
426 2226 491 2274 nulla
506 2238 617 2291 tempora
634 2236 728 2274 comtus
744 2242 799 2274 acu.
941 2236 991 2284 510

216 2295 378 2364 Hippolytum
389 2297 506 2356 Phaedra,
522 2315 567 2347 nec
579 2309 632 2348 erat
642 2299 704 2346 bene
716 2298 813 2355 cultus,
829 2292 916 2347 amavit
928 2311 935 2345 :

255 2370 320 2419 Cura
335 2372 418 2428 Deae,
435 2372 501 2421 silvis
517 2384 606 2438 aptus,
624 2369 718 2421 Adonis
734 2382 796 2421 erat.

215 2442 346 2493 Munditias
361 2445 472 2508 placeant
489 2459 496 2495 t
513 2444 637 2495 fuscentur
653 2460 757 2510 corpora
775 2443 891 2509 Campo:

255 2515 292 2573 Sit
307 2517 369 2564 berre
386 2518 554 2578 conveniens,
574 2519 601 2569 ὃ(
617 2518 669 2568 sine
686 2519 759 2576 labe,
775 2530 846 2584 toga.

216 2577 359 2652 Linguaque
374 2606 404 2638 ne
419 2591 497 2655 rigeat
512 2608 519 2642 :
536 2604 634 2641 careant
647 2592 757 2657 rubigine
774 2591 881 2640 dentes:
939 2597 988 2649 515

255 2660 310 2706 Nec
326 2676 400 2724 vagus
416 2661 440 2708 in
457 2663 509 2710 laxa
526 2680 568 2728 pes
584 2664 628 2712 tihi
644 2665 708 2727 pelle
724 2674 803 2711 natet·
853 2682 855 2685 ·

218 2734 275 2784 Nec
292 2730 353 2778 male
370 2731 490 2786 deformet
506 2732 595 2800 rigidos
612 2735 710 2784 tonsura
726 2734 847 2799 capillos:

257 2805 293 2855 Sit
310 2819 398 2861 coma,
418 2804 451 2853 sit
469 2804 538 2855 dosii
555 2808 629 2855 barba
643 2806 734 2855 reseua
749 2821 830 2855 manu.

219 2878 252 2927 Et
267 2878 326 2928 nihil
343 2877 483 2932 emineant,
502 2879 528 2928 δι
541 2878 589 2927 sint
605 2878 657 2927 sine
673 2877 779 2929 sordibus
793 2894 905 2948 ungues:

256 2951 333 3017 Inque
351 2951 409 3001 cavi
426 2951 505 3000 nullus
521 2950 566 3001 stet
582 2952 626 3001 tibi
641 2968 698 3003 nare
714 2953 787 3017 pilus.
939 2967 992 3015 520

221 3022 275 3070 Nec
292 3026 352 3074 male
370 3024 466 3075 odorati
483 3025 515 3075 sit
531 3024 602 3075 tristis
616 3026 736 3076 anhelitus
751 3024 820 3078 oris:

260 3096 312 3147 Nec
329 3099 416 3151 laedant
431 3116 501 3152 nares
517 3100 603 3167 virque
619 3113 736 3168 paterque
752 3099 840 3170 gregis.

501 3358 515 3392 d
