<?xml version="1.0" encoding="UTF-8"?>
<!DOCTYPE html PUBLIC "-//W3C//DTD XHTML 1.0 Transitional//EN"
    "http://www.w3.org/TR/xhtml1/DTD/xhtml1-transitional.dtd">
<html xmlns="http://www.w3.org/1999/xhtml" xml:lang="en" lang="en">
 <head>
  <title>
</title>
<meta http-equiv="Content-Type" content="text/html;charset=utf-8" />
  <meta name='ocr-system' content='tesseract 3.04.00' />
  <meta name='ocr-capabilities' content='ocr_page ocr_carea ocr_par ocr_line ocrx_word'/>
</head>
<body>
  <div class='ocr_page' id='page_1' title='image "./povidiinasoniso00heingoog_0241.png"; bbox 0 0 2392 3892; ppageno 0'>
   <div class='ocr_carea' id='block_1_1' title="bbox 358 424 975 516">
    <p class='ocr_par' dir='ltr' id='par_1_1' title="bbox 358 424 975 516">
     <span class='ocr_line' id='line_1_1' title="bbox 358 424 975 516; baseline 0.008 -21"><span class='ocrx_word' id='word_1_1' title='bbox 358 444 433 516; x_wconf 79' lang='lat'>224</span> <span class='ocrx_word' id='word_1_2' title='bbox 484 424 695 496; x_wconf 81' lang='lat' dir='ltr'><em>OV&#39;IDII</em></span> <span class='ocrx_word' id='word_1_3' title='bbox 723 429 975 500; x_wconf 54' lang='lat' dir='ltr'>Narona</span> 
     </span>
    </p>
   </div>
   <div class='ocr_carea' id='block_1_2' title="bbox 297 546 1060 3165">
    <p class='ocr_par' dir='ltr' id='par_1_2' title="bbox 297 546 1053 1126">
     <span class='ocr_line' id='line_1_2' title="bbox 356 546 988 616; baseline 0.013 -22"><span class='ocrx_word' id='word_1_4' title='bbox 356 546 401 595; x_wconf 91' lang='lat' dir='ltr'>Me</span> <span class='ocrx_word' id='word_1_5' title='bbox 419 547 515 595; x_wconf 83' lang='lat' dir='ltr'>memini</span> <span class='ocrx_word' id='word_1_6' title='bbox 530 548 617 596; x_wconf 84' lang='lat' dir='ltr'>iratum</span> <span class='ocrx_word' id='word_1_7' title='bbox 633 547 735 598; x_wconf 78' lang='lat' dir='ltr'>dominae</span> <span class='ocrx_word' id='word_1_8' title='bbox 750 547 852 597; x_wconf 81' lang='lat' dir='ltr'>turbasse</span> <span class='ocrx_word' id='word_1_9' title='bbox 869 552 988 616; x_wconf 80' lang='lat' dir='ltr'>capillos:</span> 
     </span>
     <span class='ocr_line' id='line_1_3' title="bbox 298 619 970 686; baseline 0.009 -19"><span class='ocrx_word' id='word_1_10' title='bbox 298 628 348 677; x_wconf 86' lang='lat'>170</span> <span class='ocrx_word' id='word_1_11' title='bbox 393 620 455 668; x_wconf 87' lang='lat' dir='ltr'>Haec</span> <span class='ocrx_word' id='word_1_12' title='bbox 473 620 529 669; x_wconf 92' lang='lat' dir='ltr'>mihi</span> <span class='ocrx_word' id='word_1_13' title='bbox 545 624 615 686; x_wconf 73' lang='lat' dir='ltr'>quim</span> <span class='ocrx_word' id='word_1_14' title='bbox 631 623 719 671; x_wconf 82' lang='lat' dir='ltr'>multos</span> <span class='ocrx_word' id='word_1_15' title='bbox 736 619 829 672; x_wconf 80' lang='lat' dir='ltr'>abstulit</span> <span class='ocrx_word' id='word_1_16' title='bbox 843 623 880 671; x_wconf 84' lang='lat' dir='ltr'>ira</span> <span class='ocrx_word' id='word_1_17' title='bbox 898 624 970 673; x_wconf 86' lang='lat' dir='ltr'>dies!</span> 
     </span>
     <span class='ocr_line' id='line_1_4' title="bbox 355 693 1053 763; baseline 0.004 -20"><span class='ocrx_word' id='word_1_18' title='bbox 355 693 412 743; x_wconf 86' lang='lat' dir='ltr'>Nec</span> <span class='ocrx_word' id='word_1_19' title='bbox 428 704 506 759; x_wconf 87' lang='lat' dir='ltr'>puto,</span> <span class='ocrx_word' id='word_1_20' title='bbox 526 711 572 744; x_wconf 93' lang='lat' dir='ltr'>nec</span> <span class='ocrx_word' id='word_1_21' title='bbox 590 694 669 753; x_wconf 87' lang='lat' dir='ltr'>sensi,</span> <span class='ocrx_word' id='word_1_22' title='bbox 689 694 794 744; x_wconf 84' lang='lat' dir='ltr'>tunicam</span> <span class='ocrx_word' id='word_1_23' title='bbox 808 694 926 753; x_wconf 80' lang='lat' dir='ltr'>laniasse3</span> <span class='ocrx_word' id='word_1_24' title='bbox 944 697 986 746; x_wconf 88' lang='lat' dir='ltr'>sed</span> <span class='ocrx_word' id='word_1_25' title='bbox 1002 694 1053 763; x_wconf 72' lang='lat' dir='ltr'>ipsa</span> 
     </span>
     <span class='ocr_line' id='line_1_5' title="bbox 394 766 969 833; baseline 0.005 -17"><span class='ocrx_word' id='word_1_26' title='bbox 394 766 519 825; x_wconf 73' lang='lat' dir='ltr'>Dixerat3</span> <span class='ocrx_word' id='word_1_27' title='bbox 541 768 566 818; x_wconf 71' lang='grc' dir='ltr'><strong>ἃ</strong></span> <span class='ocrx_word' id='word_1_28' title='bbox 582 767 663 833; x_wconf 88' lang='lat' dir='ltr'>pretio</span> <span class='ocrx_word' id='word_1_29' title='bbox 677 767 711 817; x_wconf 85' lang='lat' dir='ltr'>est</span> <span class='ocrx_word' id='word_1_30' title='bbox 724 768 764 817; x_wconf 83' lang='lat' dir='ltr'>illa</span> <span class='ocrx_word' id='word_1_31' title='bbox 777 768 886 818; x_wconf 82' lang='lat' dir='ltr'>redemta</span> <span class='ocrx_word' id='word_1_32' title='bbox 900 786 969 819; x_wconf 84' lang='lat' dir='ltr'>meo.</span> 
     </span>
     <span class='ocr_line' id='line_1_6' title="bbox 356 839 968 909; baseline 0.002 -19"><span class='ocrx_word' id='word_1_33' title='bbox 356 839 393 890; x_wconf 72' lang='lat' dir='ltr'>At</span> <span class='ocrx_word' id='word_1_34' title='bbox 407 856 472 898; x_wconf 80' lang='lat' dir='ltr'>vos,</span> <span class='ocrx_word' id='word_1_35' title='bbox 490 840 530 906; x_wconf 91' lang='lat' dir='ltr'>qui</span> <span class='ocrx_word' id='word_1_36' title='bbox 546 839 645 905; x_wconf 82' lang='lat' dir='ltr'>sapitis,</span> <span class='ocrx_word' id='word_1_37' title='bbox 659 839 735 891; x_wconf 81' lang='lat' dir='ltr'>vestri</span> <span class='ocrx_word' id='word_1_38' title='bbox 747 853 849 907; x_wconf 79' lang='lat' dir='ltr'>peccata</span> <span class='ocrx_word' id='word_1_39' title='bbox 864 840 968 909; x_wconf 84' lang='lat' dir='ltr'>magistri</span> 
     </span>
     <span class='ocr_line' id='line_1_7' title="bbox 393 912 947 980; baseline 0.002 -18"><span class='ocrx_word' id='word_1_40' title='bbox 393 912 501 980; x_wconf 85' lang='lat' dir='ltr'>Effugite</span> <span class='ocrx_word' id='word_1_41' title='bbox 517 930 525 964; x_wconf 69' lang='grc' dir='ltr'><strong><em>ε</em></strong></span> <span class='ocrx_word' id='word_1_42' title='bbox 542 914 568 965; x_wconf 80' lang='lat' dir='ltr'>dt</span> <span class='ocrx_word' id='word_1_43' title='bbox 583 916 661 980; x_wconf 77' lang='lat' dir='ltr'>culpae</span> <span class='ocrx_word' id='word_1_44' title='bbox 676 914 760 964; x_wconf 77' lang='lat' dir='ltr'>damna</span> <span class='ocrx_word' id='word_1_45' title='bbox 774 914 860 963; x_wconf 89' lang='lat' dir='ltr'>timete</span> <span class='ocrx_word' id='word_1_46' title='bbox 875 931 947 964; x_wconf 68' lang='lat' dir='ltr'>meae·</span> 
     </span>
     <span class='ocr_line' id='line_1_8' title="bbox 297 984 1025 1052; baseline 0.008 -21"><span class='ocrx_word' id='word_1_47' title='bbox 297 994 330 1045; x_wconf 83' lang='lat'>17</span> <span class='ocrx_word' id='word_1_48' title='bbox 335 996 346 1045; x_wconf 82' lang='lat'><em>5</em></span> <span class='ocrx_word' id='word_1_49' title='bbox 359 984 448 1036; x_wconf 81' lang='lat' dir='ltr'>Proelia</span> <span class='ocrx_word' id='word_1_50' title='bbox 462 1002 517 1035; x_wconf 91' lang='lat' dir='ltr'>cum</span> <span class='ocrx_word' id='word_1_51' title='bbox 531 986 646 1045; x_wconf 82' lang='lat' dir='ltr'>Parthis,</span> <span class='ocrx_word' id='word_1_52' title='bbox 666 1003 721 1036; x_wconf 86' lang='lat' dir='ltr'>cum</span> <span class='ocrx_word' id='word_1_53' title='bbox 737 987 803 1037; x_wconf 67' lang='lat' dir='ltr'>&#39;culti</span> <span class='ocrx_word' id='word_1_54' title='bbox 818 1004 865 1052; x_wconf 78' lang='lat' dir='ltr'>pax</span> <span class='ocrx_word' id='word_1_55' title='bbox 881 987 913 1037; x_wconf 87' lang='lat' dir='ltr'>sit</span> <span class='ocrx_word' id='word_1_56' title='bbox 927 985 1025 1046; x_wconf 54' lang='lat' dir='ltr'>amida</span> 
     </span>
     <span class='ocr_line' id='line_1_9' title="bbox 395 1057 1007 1126; baseline 0 -17"><span class='ocrx_word' id='word_1_57' title='bbox 395 1059 428 1110; x_wconf 87' lang='lat' dir='ltr'>Et</span> <span class='ocrx_word' id='word_1_58' title='bbox 440 1057 530 1124; x_wconf 87' lang='lat' dir='ltr'>jocus,</span> <span class='ocrx_word' id='word_1_59' title='bbox 551 1059 576 1109; x_wconf 71' lang='grc' dir='ltr'><strong>ἃ</strong></span> <span class='ocrx_word' id='word_1_60' title='bbox 593 1060 674 1109; x_wconf 81' lang='lat' dir='ltr'>causas</span> <span class='ocrx_word' id='word_1_61' title='bbox 691 1059 804 1126; x_wconf 88' lang='lat' dir='ltr'>quicquid</span> <span class='ocrx_word' id='word_1_62' title='bbox 820 1060 908 1109; x_wconf 81' lang='lat' dir='ltr'>amoris</span> <span class='ocrx_word' id='word_1_63' title='bbox 922 1061 1007 1110; x_wconf 83' lang='lat' dir='ltr'>habet.</span> 
     </span>
    </p>

    <p class='ocr_par' dir='ltr' id='par_1_3' title="bbox 314 1131 1044 1343">
     <span class='ocr_line' id='line_1_10' title="bbox 314 1131 1044 1190; baseline 0 -9"><span class='ocrx_word' id='word_1_64' title='bbox 314 1148 318 1153; x_wconf 89' lang='lat'><em>·</em></span> <span class='ocrx_word' id='word_1_65' title='bbox 358 1132 384 1182; x_wconf 82' lang='lat' dir='ltr'>si</span> <span class='ocrx_word' id='word_1_66' title='bbox 400 1148 445 1181; x_wconf 86' lang='lat' dir='ltr'>nec</span> <span class='ocrx_word' id='word_1_67' title='bbox 460 1132 546 1181; x_wconf 80' lang='lat' dir='ltr'>blanda</span> <span class='ocrx_word' id='word_1_68' title='bbox 561 1132 634 1190; x_wconf 85' lang='lat' dir='ltr'>satis,</span> <span class='ocrx_word' id='word_1_69' title='bbox 654 1148 700 1181; x_wconf 87' lang='lat' dir='ltr'>nec</span> <span class='ocrx_word' id='word_1_70' title='bbox 717 1132 765 1181; x_wconf 86' lang='lat' dir='ltr'>etit</span> <span class='ocrx_word' id='word_1_71' title='bbox 780 1131 824 1181; x_wconf 86' lang='lat' dir='ltr'>tibi</span> <span class='ocrx_word' id='word_1_72' title='bbox 841 1132 916 1181; x_wconf 84' lang='lat' dir='ltr'>comis</span> <span class='ocrx_word' id='word_1_73' title='bbox 932 1134 1044 1190; x_wconf 69' lang='lat' dir='ltr'>amanti5</span> 
     </span>
     <span class='ocr_line' id='line_1_11' title="bbox 395 1202 950 1270; baseline 0 -18"><span class='ocrx_word' id='word_1_74' title='bbox 395 1202 479 1254; x_wconf 85' lang='lat' dir='ltr'>Perfer</span> <span class='ocrx_word' id='word_1_75' title='bbox 496 1205 522 1254; x_wconf 75' lang='grc' dir='ltr'>ὃ(</span> <span class='ocrx_word' id='word_1_76' title='bbox 538 1204 654 1255; x_wconf 80' lang='lat' dir='ltr'>obdura:</span> <span class='ocrx_word' id='word_1_77' title='bbox 670 1204 796 1270; x_wconf 85' lang='lat' dir='ltr'>postmodo</span> <span class='ocrx_word' id='word_1_78' title='bbox 812 1204 876 1254; x_wconf 86' lang='lat' dir='ltr'>mitis</span> <span class='ocrx_word' id='word_1_79' title='bbox 894 1204 950 1255; x_wconf 89' lang='lat' dir='ltr'>erit.</span> 
     </span>
     <span class='ocr_line' id='line_1_12' title="bbox 357 1276 998 1343; baseline 0 -16"><span class='ocrx_word' id='word_1_80' title='bbox 357 1276 472 1327; x_wconf 73' lang='lat' dir='ltr'>Flesiitur</span> <span class='ocrx_word' id='word_1_81' title='bbox 489 1276 606 1343; x_wconf 88' lang='lat' dir='ltr'>obsequio</span> <span class='ocrx_word' id='word_1_82' title='bbox 623 1290 736 1327; x_wconf 82' lang='lat' dir='ltr'>curvatus</span> <span class='ocrx_word' id='word_1_83' title='bbox 751 1279 786 1327; x_wconf 75' lang='lat' dir='ltr'>ab·</span> <span class='ocrx_word' id='word_1_84' title='bbox 797 1278 883 1328; x_wconf 76' lang='lat' dir='ltr'>arbore</span> <span class='ocrx_word' id='word_1_85' title='bbox 897 1293 998 1327; x_wconf 80' lang='lat' dir='ltr'>ramus:</span> 
     </span>
    </p>

    <p class='ocr_par' dir='ltr' id='par_1_4' title="bbox 298 1346 1060 3165">
     <span class='ocr_line' id='line_1_13' title="bbox 298 1346 852 1417; baseline 0 -18"><span class='ocrx_word' id='word_1_86' title='bbox 298 1346 349 1399; x_wconf 81' lang='lat'>180</span> <span class='ocrx_word' id='word_1_87' title='bbox 395 1350 516 1417; x_wconf 75' lang='lat' dir='ltr'>Frangit,</span> <span class='ocrx_word' id='word_1_88' title='bbox 532 1349 552 1400; x_wconf 86' lang='lat' dir='ltr'>si</span> <span class='ocrx_word' id='word_1_89' title='bbox 566 1350 634 1402; x_wconf 84' lang='lat' dir='ltr'>vires</span> <span class='ocrx_word' id='word_1_90' title='bbox 648 1351 775 1417; x_wconf 65' lang='lat' dir='ltr'>erperidre</span> <span class='ocrx_word' id='word_1_91' title='bbox 789 1362 852 1400; x_wconf 74' lang='lat' dir='ltr'>tuat,</span> 
     </span>
     <span class='ocr_line' id='line_1_14' title="bbox 357 1422 1009 1490; baseline -0.005 -16"><span class='ocrx_word' id='word_1_92' title='bbox 357 1422 485 1489; x_wconf 85' lang='lat' dir='ltr'>Obsequio</span> <span class='ocrx_word' id='word_1_93' title='bbox 502 1435 627 1474; x_wconf 82' lang='lat' dir='ltr'>tranantur</span> <span class='ocrx_word' id='word_1_94' title='bbox 642 1436 712 1490; x_wconf 74' lang='lat' dir='ltr'>aquae</span> <span class='ocrx_word' id='word_1_95' title='bbox 728 1436 736 1476; x_wconf 77' lang='lat' dir='ltr'>t</span> <span class='ocrx_word' id='word_1_96' title='bbox 752 1440 799 1473; x_wconf 89' lang='lat' dir='ltr'>nec</span> <span class='ocrx_word' id='word_1_97' title='bbox 814 1423 914 1474; x_wconf 87' lang='lat' dir='ltr'>vincere</span> <span class='ocrx_word' id='word_1_98' title='bbox 929 1422 1009 1490; x_wconf 83' lang='lat' dir='ltr'>possis</span> 
     </span>
     <span class='ocr_line' id='line_1_15' title="bbox 394 1495 1044 1563; baseline -0.005 -17"><span class='ocrx_word' id='word_1_99' title='bbox 394 1495 523 1555; x_wconf 81' lang='lat' dir='ltr'>Flumina;</span> <span class='ocrx_word' id='word_1_100' title='bbox 541 1496 561 1546; x_wconf 88' lang='lat' dir='ltr'>si</span> <span class='ocrx_word' id='word_1_101' title='bbox 578 1509 681 1554; x_wconf 81' lang='lat' dir='ltr'>contra,</span> <span class='ocrx_word' id='word_1_102' title='bbox 698 1500 767 1563; x_wconf 67' lang='lat' dir='ltr'>quim</span> <span class='ocrx_word' id='word_1_103' title='bbox 784 1496 846 1562; x_wconf 82' lang='lat' dir='ltr'>rapit</span> <span class='ocrx_word' id='word_1_104' title='bbox 862 1498 944 1556; x_wconf 81' lang='lat' dir='ltr'>unda,</span> <span class='ocrx_word' id='word_1_105' title='bbox 964 1508 1044 1544; x_wconf 79' lang='lat' dir='ltr'>nates.</span> 
     </span>
     <span class='ocr_line' id='line_1_16' title="bbox 359 1568 1060 1636; baseline -0.006 -15"><span class='ocrx_word' id='word_1_106' title='bbox 359 1568 511 1635; x_wconf 83' lang='lat' dir='ltr'>Obsequium</span> <span class='ocrx_word' id='word_1_107' title='bbox 525 1569 650 1636; x_wconf 79' lang='lat' dir='ltr'>tigresque</span> <span class='ocrx_word' id='word_1_108' title='bbox 666 1570 747 1619; x_wconf 85' lang='lat' dir='ltr'>domat</span> <span class='ocrx_word' id='word_1_109' title='bbox 760 1569 924 1634; x_wconf 81' lang='lat' dir='ltr'>Numidasque</span> <span class='ocrx_word' id='word_1_110' title='bbox 938 1572 1024 1618; x_wconf 83' lang='lat' dir='ltr'>leones</span> <span class='ocrx_word' id='word_1_111' title='bbox 1036 1581 1060 1618; x_wconf 72' lang='grc' dir='ltr'>ε’</span> 
     </span>
     <span class='ocr_line' id='line_1_17' title="bbox 396 1641 899 1708; baseline 0 -16"><span class='ocrx_word' id='word_1_112' title='bbox 396 1641 490 1692; x_wconf 81' lang='lat' dir='ltr'>Rustica</span> <span class='ocrx_word' id='word_1_113' title='bbox 504 1642 619 1708; x_wconf 78' lang='lat' dir='ltr'>paulatim</span> <span class='ocrx_word' id='word_1_114' title='bbox 634 1653 716 1692; x_wconf 84' lang='lat' dir='ltr'>taurus</span> <span class='ocrx_word' id='word_1_115' title='bbox 733 1654 811 1691; x_wconf 82' lang='lat' dir='ltr'>aratra</span> <span class='ocrx_word' id='word_1_116' title='bbox 827 1641 899 1692; x_wconf 81' lang='lat' dir='ltr'>subit.</span> 
     </span>
     <span class='ocr_line' id='line_1_18' title="bbox 300 1709 944 1782; baseline 0.003 -21"><span class='ocrx_word' id='word_1_117' title='bbox 300 1710 349 1782; x_wconf 76' lang='lat'>185</span> <span class='ocrx_word' id='word_1_118' title='bbox 361 1713 429 1779; x_wconf 88' lang='lat' dir='ltr'>Quid</span> <span class='ocrx_word' id='word_1_119' title='bbox 445 1714 490 1764; x_wconf 81' lang='lat' dir='ltr'>suit</span> <span class='ocrx_word' id='word_1_120' title='bbox 508 1714 613 1780; x_wconf 85' lang='lat' dir='ltr'>asperius</span> <span class='ocrx_word' id='word_1_121' title='bbox 629 1714 767 1764; x_wconf 69' lang='lat' dir='ltr'>Nonacrini</span> <span class='ocrx_word' id='word_1_122' title='bbox 784 1712 920 1763; x_wconf 69' lang='lat' dir='ltr'>Atalanti?</span> <span class='ocrx_word' id='word_1_123' title='bbox 941 1709 944 1716; x_wconf 70' lang='grc'><strong>’</strong></span> 
     </span>
     <span class='ocr_line' id='line_1_19' title="bbox 397 1786 926 1838; baseline 0 -2"><span class='ocrx_word' id='word_1_124' title='bbox 397 1787 530 1837; x_wconf 87' lang='lat' dir='ltr'>Succubuit</span> <span class='ocrx_word' id='word_1_125' title='bbox 544 1787 635 1837; x_wconf 88' lang='lat' dir='ltr'>meritis</span> <span class='ocrx_word' id='word_1_126' title='bbox 649 1800 704 1838; x_wconf 88' lang='lat' dir='ltr'>trux</span> <span class='ocrx_word' id='word_1_127' title='bbox 720 1799 800 1836; x_wconf 87' lang='lat' dir='ltr'>tamen</span> <span class='ocrx_word' id='word_1_128' title='bbox 815 1786 855 1835; x_wconf 86' lang='lat' dir='ltr'>illa</span> <span class='ocrx_word' id='word_1_129' title='bbox 870 1786 926 1836; x_wconf 85' lang='lat' dir='ltr'>viri.</span> 
     </span>
     <span class='ocr_line' id='line_1_20' title="bbox 360 1858 954 1926; baseline -0.007 -15"><span class='ocrx_word' id='word_1_130' title='bbox 360 1860 431 1926; x_wconf 85' lang='lat' dir='ltr'>Saepe</span> <span class='ocrx_word' id='word_1_131' title='bbox 448 1861 502 1910; x_wconf 88' lang='lat' dir='ltr'>suos</span> <span class='ocrx_word' id='word_1_132' title='bbox 521 1860 606 1918; x_wconf 83' lang='lat' dir='ltr'>casus,</span> <span class='ocrx_word' id='word_1_133' title='bbox 626 1876 673 1909; x_wconf 91' lang='lat' dir='ltr'>nec</span> <span class='ocrx_word' id='word_1_134' title='bbox 691 1860 756 1909; x_wconf 87' lang='lat' dir='ltr'>mitia</span> <span class='ocrx_word' id='word_1_135' title='bbox 771 1858 954 1922; x_wconf 65' lang='lat' dir='ltr'>fesiupuellae,</span> 
     </span>
     <span class='ocr_line' id='line_1_21' title="bbox 396 1930 928 1983; baseline 0.002 -1"><span class='ocrx_word' id='word_1_136' title='bbox 396 1930 473 1982; x_wconf 81' lang='lat' dir='ltr'>Flesse</span> <span class='ocrx_word' id='word_1_137' title='bbox 491 1931 531 1980; x_wconf 90' lang='lat' dir='ltr'>sub</span> <span class='ocrx_word' id='word_1_138' title='bbox 546 1933 670 1981; x_wconf 83' lang='lat' dir='ltr'>arboribus</span> <span class='ocrx_word' id='word_1_139' title='bbox 686 1931 819 1981; x_wconf 86' lang='lat' dir='ltr'>Milaniona</span> <span class='ocrx_word' id='word_1_140' title='bbox 833 1930 928 1983; x_wconf 66' lang='lat' dir='ltr'>serunt·</span> 
     </span>
     <span class='ocr_line' id='line_1_22' title="bbox 361 2002 861 2069; baseline -0.002 -16"><span class='ocrx_word' id='word_1_141' title='bbox 361 2006 430 2069; x_wconf 85' lang='lat' dir='ltr'>Saepe</span> <span class='ocrx_word' id='word_1_142' title='bbox 444 2004 500 2055; x_wconf 86' lang='lat' dir='ltr'>tulit</span> <span class='ocrx_word' id='word_1_143' title='bbox 512 2002 573 2069; x_wconf 80' lang='lat' dir='ltr'>jusso</span> <span class='ocrx_word' id='word_1_144' title='bbox 587 2004 681 2052; x_wconf 79' lang='lat' dir='ltr'>fallacia</span> <span class='ocrx_word' id='word_1_145' title='bbox 696 2002 760 2053; x_wconf 84' lang='lat' dir='ltr'>retia</span> <span class='ocrx_word' id='word_1_146' title='bbox 776 2003 861 2052; x_wconf 81' lang='lat' dir='ltr'>collo:</span> 
     </span>
     <span class='ocr_line' id='line_1_23' title="bbox 303 2074 944 2144; baseline 0 -18"><span class='ocrx_word' id='word_1_147' title='bbox 303 2085 353 2141; x_wconf 83' lang='lat'>190</span> <span class='ocrx_word' id='word_1_148' title='bbox 398 2076 468 2144; x_wconf 82' lang='lat' dir='ltr'>Saepe</span> <span class='ocrx_word' id='word_1_149' title='bbox 485 2075 538 2127; x_wconf 64' lang='lat' dir='ltr'>seri</span> <span class='ocrx_word' id='word_1_150' title='bbox 552 2088 637 2127; x_wconf 83' lang='lat' dir='ltr'>torvos</span> <span class='ocrx_word' id='word_1_151' title='bbox 653 2074 818 2142; x_wconf 81' lang='lat' dir='ltr'>cuspide-fnit</span> <span class='ocrx_word' id='word_1_152' title='bbox 833 2092 922 2142; x_wconf 59' lang='lat' dir='ltr'>eptem·</span> <span class='ocrx_word' id='word_1_153' title='bbox 942 2126 944 2132; x_wconf 85' lang='grc'>,</span> 
     </span>
     <span class='ocr_line' id='line_1_24' title="bbox 362 2149 1060 2219; baseline -0.001 -17"><span class='ocrx_word' id='word_1_154' title='bbox 362 2150 445 2202; x_wconf 85' lang='lat' dir='ltr'>Sensit</span> <span class='ocrx_word' id='word_1_155' title='bbox 462 2152 487 2203; x_wconf 91' lang='lat'>&amp;</span> <span class='ocrx_word' id='word_1_156' title='bbox 501 2150 582 2219; x_wconf 83' lang='lat' dir='ltr'>Hylaei</span> <span class='ocrx_word' id='word_1_157' title='bbox 598 2163 740 2201; x_wconf 87' lang='lat' dir='ltr'>contentum</span> <span class='ocrx_word' id='word_1_158' title='bbox 756 2149 848 2199; x_wconf 83' lang='lat' dir='ltr'>saucius</span> <span class='ocrx_word' id='word_1_159' title='bbox 862 2164 964 2201; x_wconf 76' lang='lat' dir='ltr'>arcum:</span> <span class='ocrx_word' id='word_1_160' title='bbox 1057 2163 1060 2172; x_wconf 92' lang='lat'>&#39;</span> 
     </span>
     <span class='ocr_line' id='line_1_25' title="bbox 401 2224 956 2275; baseline -0.005 -1"><span class='ocrx_word' id='word_1_161' title='bbox 401 2224 450 2274; x_wconf 88' lang='lat' dir='ltr'>Sed</span> <span class='ocrx_word' id='word_1_162' title='bbox 464 2237 546 2274; x_wconf 81' lang='lat' dir='ltr'>tamen</span> <span class='ocrx_word' id='word_1_163' title='bbox 561 2225 610 2273; x_wconf 88' lang='lat' dir='ltr'>hoc</span> <span class='ocrx_word' id='word_1_164' title='bbox 626 2241 683 2274; x_wconf 78' lang='lat' dir='ltr'>arcu</span> <span class='ocrx_word' id='word_1_165' title='bbox 700 2224 782 2275; x_wconf 86' lang='lat' dir='ltr'>notior</span> <span class='ocrx_word' id='word_1_166' title='bbox 799 2225 861 2273; x_wconf 84' lang='lat' dir='ltr'>alter</span> <span class='ocrx_word' id='word_1_167' title='bbox 877 2234 956 2272; x_wconf 80' lang='lat' dir='ltr'>erat.-</span> 
     </span>
     <span class='ocr_line' id='line_1_26' title="bbox 364 2295 975 2357; baseline -0.005 -10"><span class='ocrx_word' id='word_1_168' title='bbox 364 2298 422 2347; x_wconf 89' lang='lat' dir='ltr'>Non</span> <span class='ocrx_word' id='word_1_169' title='bbox 439 2310 464 2347; x_wconf 90' lang='lat' dir='ltr'>te</span> <span class='ocrx_word' id='word_1_170' title='bbox 479 2297 603 2348; x_wconf 80' lang='lat' dir='ltr'>Maenalias</span> <span class='ocrx_word' id='word_1_171' title='bbox 614 2304 734 2357; x_wconf 67' lang='lat' dir='ltr'>&#39;armatum</span> <span class='ocrx_word' id='word_1_172' title='bbox 751 2296 864 2346; x_wconf 82' lang='lat' dir='ltr'>scandere</span> <span class='ocrx_word' id='word_1_173' title='bbox 881 2295 975 2352; x_wconf 77' lang='lat' dir='ltr'>silvas,</span> 
     </span>
     <span class='ocr_line' id='line_1_27' title="bbox 400 2370 1004 2436; baseline 0 -18"><span class='ocrx_word' id='word_1_174' title='bbox 400 2372 455 2420; x_wconf 86' lang='lat' dir='ltr'>Nec</span> <span class='ocrx_word' id='word_1_175' title='bbox 471 2370 546 2436; x_wconf 87' lang='lat' dir='ltr'>jubeo</span> <span class='ocrx_word' id='word_1_176' title='bbox 562 2371 628 2419; x_wconf 89' lang='lat' dir='ltr'>collo</span> <span class='ocrx_word' id='word_1_177' title='bbox 644 2371 705 2419; x_wconf 80' lang='lat' dir='ltr'>retia</span> <span class='ocrx_word' id='word_1_178' title='bbox 722 2371 785 2420; x_wconf 84' lang='lat' dir='ltr'>ferre</span> <span class='ocrx_word' id='word_1_179' title='bbox 802 2382 856 2419; x_wconf 85' lang='lat' dir='ltr'>tuo.</span> <span class='ocrx_word' id='word_1_180' title='bbox 1002 2370 1004 2374; x_wconf 53' lang='lat'><em>⁴</em></span> 
     </span>
     <span class='ocr_line' id='line_1_28' title="bbox 304 2437 953 2507; baseline -0.002 -15"><span class='ocrx_word' id='word_1_181' title='bbox 304 2454 337 2507; x_wconf 81' lang='lat'>19</span> <span class='ocrx_word' id='word_1_182' title='bbox 342 2454 354 2504; x_wconf 89' lang='lat'>5</span> <span class='ocrx_word' id='word_1_183' title='bbox 365 2440 468 2492; x_wconf 75' lang='lat' dir='ltr'>Pestora</span> <span class='ocrx_word' id='word_1_184' title='bbox 482 2459 527 2492; x_wconf 90' lang='lat' dir='ltr'>nec</span> <span class='ocrx_word' id='word_1_185' title='bbox 545 2442 621 2491; x_wconf 82' lang='lat' dir='ltr'>missis</span> <span class='ocrx_word' id='word_1_186' title='bbox 636 2441 711 2505; x_wconf 76' lang='lat' dir='ltr'>jubeo</span> <span class='ocrx_word' id='word_1_187' title='bbox 725 2443 833 2506; x_wconf 71' lang='lat' dir='ltr'>prebere</span> <span class='ocrx_word' id='word_1_188' title='bbox 850 2437 953 2507; x_wconf 78' lang='lat' dir='ltr'>sagittis·</span> 
     </span>
     <span class='ocr_line' id='line_1_29' title="bbox 401 2512 932 2577; baseline 0 -16"><span class='ocrx_word' id='word_1_189' title='bbox 401 2514 467 2563; x_wconf 82' lang='lat' dir='ltr'>Artis</span> <span class='ocrx_word' id='word_1_190' title='bbox 484 2527 554 2562; x_wconf 89' lang='lat' dir='ltr'>erunt</span> <span class='ocrx_word' id='word_1_191' title='bbox 568 2525 641 2562; x_wconf 81' lang='lat' dir='ltr'>cauto</span> <span class='ocrx_word' id='word_1_192' title='bbox 658 2513 739 2562; x_wconf 83' lang='lat' dir='ltr'>mollia</span> <span class='ocrx_word' id='word_1_193' title='bbox 754 2512 813 2577; x_wconf 82' lang='lat' dir='ltr'>jussa</span> <span class='ocrx_word' id='word_1_194' title='bbox 829 2529 901 2562; x_wconf 78' lang='lat' dir='ltr'>rneae.</span> <span class='ocrx_word' id='word_1_195' title='bbox 927 2542 932 2550; x_wconf 90' lang='lat'><strong>·</strong></span> 
     </span>
     <span class='ocr_line' id='line_1_30' title="bbox 364 2583 934 2652; baseline -0.002 -17"><span class='ocrx_word' id='word_1_196' title='bbox 364 2585 434 2635; x_wconf 88' lang='lat' dir='ltr'>Cede</span> <span class='ocrx_word' id='word_1_197' title='bbox 449 2585 612 2652; x_wconf 80' lang='lat' dir='ltr'>repugnanti3</span> <span class='ocrx_word' id='word_1_198' title='bbox 630 2584 740 2635; x_wconf 88' lang='lat' dir='ltr'>cedendo</span> <span class='ocrx_word' id='word_1_199' title='bbox 756 2584 831 2634; x_wconf 66' lang='lat' dir='ltr'>vidior</span> <span class='ocrx_word' id='word_1_200' title='bbox 846 2583 934 2636; x_wconf 78' lang='lat' dir='ltr'>abibis.</span> 
     </span>
     <span class='ocr_line' id='line_1_31' title="bbox 401 2655 1004 2726; baseline -0.002 -17"><span class='ocrx_word' id='word_1_201' title='bbox 401 2660 449 2709; x_wconf 81' lang='lat' dir='ltr'>Fac</span> <span class='ocrx_word' id='word_1_202' title='bbox 465 2655 557 2718; x_wconf 84' lang='lat' dir='ltr'>modd,</span> <span class='ocrx_word' id='word_1_203' title='bbox 576 2676 635 2725; x_wconf 85' lang='lat' dir='ltr'>quas</span> <span class='ocrx_word' id='word_1_204' title='bbox 650 2671 731 2726; x_wconf 82' lang='lat' dir='ltr'>partes</span> <span class='ocrx_word' id='word_1_205' title='bbox 748 2659 789 2708; x_wconf 84' lang='lat' dir='ltr'>illa</span> <span class='ocrx_word' id='word_1_206' title='bbox 804 2656 917 2723; x_wconf 86' lang='lat' dir='ltr'>jubebit,</span> <span class='ocrx_word' id='word_1_207' title='bbox 935 2672 1004 2724; x_wconf 72' lang='lat' dir='ltr'><strong>agas.</strong></span> 
     </span>
     <span class='ocr_line' id='line_1_32' title="bbox 365 2731 1053 2801; baseline -0.009 -19"><span class='ocrx_word' id='word_1_208' title='bbox 365 2731 480 2800; x_wconf 75' lang='lat' dir='ltr'>Arguet,</span> <span class='ocrx_word' id='word_1_209' title='bbox 497 2733 593 2801; x_wconf 79' lang='lat' dir='ltr'>arguito</span> <span class='ocrx_word' id='word_1_210' title='bbox 610 2750 618 2783; x_wconf 76' lang='grc' dir='ltr'><em>τ</em></span> <span class='ocrx_word' id='word_1_211' title='bbox 634 2732 747 2801; x_wconf 82' lang='lat' dir='ltr'>quicquid</span> <span class='ocrx_word' id='word_1_212' title='bbox 764 2732 851 2799; x_wconf 81' lang='lat' dir='ltr'>probat</span> <span class='ocrx_word' id='word_1_213' title='bbox 868 2731 929 2790; x_wconf 85' lang='lat' dir='ltr'>illa,</span> <span class='ocrx_word' id='word_1_214' title='bbox 950 2731 1053 2794; x_wconf 82' lang='lat' dir='ltr'>probato</span> 
     </span>
     <span class='ocr_line' id='line_1_33' title="bbox 303 2802 1038 2870; baseline -0.005 -16"><span class='ocrx_word' id='word_1_215' title='bbox 303 2815 356 2854; x_wconf 84' lang='lat'>200</span> <span class='ocrx_word' id='word_1_216' title='bbox 405 2803 480 2869; x_wconf 82' lang='lat' dir='ltr'>Quod</span> <span class='ocrx_word' id='word_1_217' title='bbox 497 2806 581 2865; x_wconf 86' lang='lat' dir='ltr'>dicet,</span> <span class='ocrx_word' id='word_1_218' title='bbox 603 2806 691 2855; x_wconf 64' lang='lat' dir='ltr'>dicar:</span> <span class='ocrx_word' id='word_1_219' title='bbox 707 2803 773 2870; x_wconf 89' lang='lat' dir='ltr'>quod</span> <span class='ocrx_word' id='word_1_220' title='bbox 788 2814 861 2870; x_wconf 82' lang='lat' dir='ltr'>negat</span> <span class='ocrx_word' id='word_1_221' title='bbox 877 2802 936 2859; x_wconf 81' lang='lat' dir='ltr'>illa,</span> <span class='ocrx_word' id='word_1_222' title='bbox 952 2816 1038 2864; x_wconf 80' lang='lat' dir='ltr'>neges.</span> 
     </span>
     <span class='ocr_line' id='line_1_34' title="bbox 365 2875 962 2937; baseline -0.012 -11"><span class='ocrx_word' id='word_1_223' title='bbox 365 2875 472 2937; x_wconf 85' lang='lat' dir='ltr'>Riserit,</span> <span class='ocrx_word' id='word_1_224' title='bbox 492 2878 569 2929; x_wconf 83' lang='lat' dir='ltr'>arride</span> <span class='ocrx_word' id='word_1_225' title='bbox 586 2894 594 2929; x_wconf 80' lang='lat' dir='ltr'>t</span> <span class='ocrx_word' id='word_1_226' title='bbox 610 2881 630 2927; x_wconf 83' lang='lat' dir='ltr'>si</span> <span class='ocrx_word' id='word_1_227' title='bbox 645 2877 732 2936; x_wconf 78' lang='lat' dir='ltr'>flebit,</span> <span class='ocrx_word' id='word_1_228' title='bbox 750 2877 808 2928; x_wconf 87' lang='lat' dir='ltr'>flere</span> <span class='ocrx_word' id='word_1_229' title='bbox 824 2884 962 2925; x_wconf 87' lang='lat' dir='ltr'>memento:</span> 
     </span>
     <span class='ocr_line' id='line_1_35' title="bbox 402 2948 849 3018; baseline -0.002 -21"><span class='ocrx_word' id='word_1_230' title='bbox 402 2949 514 3014; x_wconf 85' lang='lat' dir='ltr'>Imponat</span> <span class='ocrx_word' id='word_1_231' title='bbox 530 2952 597 3018; x_wconf 83' lang='lat' dir='ltr'>leges</span> <span class='ocrx_word' id='word_1_232' title='bbox 613 2951 719 3000; x_wconf 87' lang='lat' dir='ltr'>vultibus</span> <span class='ocrx_word' id='word_1_233' title='bbox 736 2950 777 2998; x_wconf 84' lang='lat' dir='ltr'>illa</span> <span class='ocrx_word' id='word_1_234' title='bbox 791 2948 849 2998; x_wconf 84' lang='lat' dir='ltr'>tuis.</span> 
     </span>
     <span class='ocr_line' id='line_1_36' title="bbox 366 3014 1041 3090; baseline -0.009 -18"><span class='ocrx_word' id='word_1_235' title='bbox 366 3019 417 3072; x_wconf 84' lang='lat' dir='ltr'>Seu</span> <span class='ocrx_word' id='word_1_236' title='bbox 430 3023 498 3071; x_wconf 85' lang='lat' dir='ltr'>ludet</span> <span class='ocrx_word' id='word_1_237' title='bbox 510 3056 518 3080; x_wconf 92' lang='lat'>,</span> <span class='ocrx_word' id='word_1_238' title='bbox 535 3040 697 3090; x_wconf 81' lang='lat' dir='ltr'>numerosque</span> <span class='ocrx_word' id='word_1_239' title='bbox 713 3038 783 3072; x_wconf 85' lang='lat' dir='ltr'>manu</span> <span class='ocrx_word' id='word_1_240' title='bbox 798 3014 899 3083; x_wconf 52' lang='lat' dir='ltr'>jaoabit,</span> <span class='ocrx_word' id='word_1_241' title='bbox 911 3016 1015 3067; x_wconf 80' lang='lat' dir='ltr'>eburnos</span> <span class='ocrx_word' id='word_1_242' title='bbox 1027 3032 1041 3075; x_wconf 75' lang='lat'>¹.</span> 
     </span>
     <span class='ocr_line' id='line_1_37' title="bbox 401 3088 924 3165; baseline -0.004 -22"><span class='ocrx_word' id='word_1_243' title='bbox 401 3091 442 3143; x_wconf 87' lang='lat' dir='ltr'>Tu</span> <span class='ocrx_word' id='word_1_244' title='bbox 458 3096 520 3147; x_wconf 78' lang='lat' dir='ltr'>male</span> <span class='ocrx_word' id='word_1_245' title='bbox 532 3095 642 3165; x_wconf 70' lang='lat' dir='ltr'>instato,</span> <span class='ocrx_word' id='word_1_246' title='bbox 662 3108 689 3146; x_wconf 88' lang='lat' dir='ltr'>tu</span> <span class='ocrx_word' id='word_1_247' title='bbox 704 3094 764 3144; x_wconf 76' lang='lat' dir='ltr'>male</span> <span class='ocrx_word' id='word_1_248' title='bbox 777 3089 841 3159; x_wconf 71' lang='lat' dir='ltr'>jana</span> <span class='ocrx_word' id='word_1_249' title='bbox 854 3088 924 3152; x_wconf 57' lang='lat' dir='ltr'>dato·</span> 
     </span>
    </p>
   </div>
   <div class='ocr_carea' id='block_1_3' title="bbox 0 0 1200 3892">
    <p class='ocr_par' dir='ltr' id='par_1_5' title="bbox 0 0 1200 3892">
     <span class='ocr_line' id='line_1_38' title="bbox 0 0 1200 3892; baseline 0 0"><span class='ocrx_word' id='word_1_250' title='bbox 0 0 1200 3892; x_wconf 95' lang='lat' dir='ltr'> </span> 
     </span>
    </p>
   </div>
  </div>
 </body>
</html>
