<?xml version="1.0" encoding="UTF-8"?>
<!DOCTYPE html PUBLIC "-//W3C//DTD XHTML 1.0 Transitional//EN"
    "http://www.w3.org/TR/xhtml1/DTD/xhtml1-transitional.dtd">
<html xmlns="http://www.w3.org/1999/xhtml" xml:lang="en" lang="en">
 <head>
  <title>
</title>
<meta http-equiv="Content-Type" content="text/html;charset=utf-8" />
  <meta name='ocr-system' content='tesseract 3.04.00' />
  <meta name='ocr-capabilities' content='ocr_page ocr_carea ocr_par ocr_line ocrx_word'/>
</head>
<body>
  <div class='ocr_page' id='page_1' title='image "./povidiinasoniso00heingoog_0014.png"; bbox 0 0 2392 3892; ppageno 0'>
   <div class='ocr_carea' id='block_1_1' title="bbox 600 334 1064 411">
    <p class='ocr_par' dir='ltr' id='par_1_1' title="bbox 600 334 1064 411">
     <span class='ocr_line' id='line_1_1' title="bbox 600 334 1064 411; baseline 0.004 -15"><span class='ocrx_word' id='word_1_1' title='bbox 600 334 794 398; x_wconf 78' lang='lat' dir='ltr'>VrrA.</span> <span class='ocrx_word' id='word_1_2' title='bbox 1044 365 1064 411; x_wconf 89' lang='lat' dir='ltr'>v</span> 
     </span>
    </p>
   </div>
   <div class='ocr_carea' id='block_1_2' title="bbox 319 464 1064 1055">
    <p class='ocr_par' dir='ltr' id='par_1_2' title="bbox 319 464 1064 1055">
     <span class='ocr_line' id='line_1_2' title="bbox 320 464 1064 553; baseline 0.012 -29"><span class='ocrx_word' id='word_1_3' title='bbox 320 482 378 544; x_wconf 89' lang='lat' dir='ltr'>que</span> <span class='ocrx_word' id='word_1_4' title='bbox 396 464 483 525; x_wconf 87' lang='lat' dir='ltr'>rebus</span> <span class='ocrx_word' id='word_1_5' title='bbox 503 481 687 548; x_wconf 88' lang='lat' dir='ltr'>potuerunt,</span> <span class='ocrx_word' id='word_1_6' title='bbox 707 480 868 541; x_wconf 85' lang='lat' dir='ltr'>ornarunt,</span> <span class='ocrx_word' id='word_1_7' title='bbox 885 484 917 527; x_wconf 92' lang='lat' dir='ltr'>ut</span> <span class='ocrx_word' id='word_1_8' title='bbox 939 469 970 529; x_wconf 73' lang='grc' dir='ltr'>ὃ(</span> <span class='ocrx_word' id='word_1_9' title='bbox 986 490 1064 553; x_wconf 87' lang='lat' dir='ltr'>gentr</span> 
     </span>
     <span class='ocr_line' id='line_1_3' title="bbox 321 563 1064 647; baseline 0.012 -23"><span class='ocrx_word' id='word_1_10' title='bbox 321 569 471 647; x_wconf 84' lang='lat' dir='ltr'>proximae.</span> <span class='ocrx_word' id='word_1_11' title='bbox 489 563 626 627; x_wconf 86' lang='lat' dir='ltr'>Decessit</span> <span class='ocrx_word' id='word_1_12' title='bbox 643 585 742 628; x_wconf 86' lang='lat' dir='ltr'>autem</span> <span class='ocrx_word' id='word_1_13' title='bbox 761 587 839 627; x_wconf 87' lang='lat' dir='ltr'>anno</span> <span class='ocrx_word' id='word_1_14' title='bbox 854 569 949 626; x_wconf 64' lang='lat' dir='ltr'>¹aetatis</span> <span class='ocrx_word' id='word_1_15' title='bbox 969 587 1021 630; x_wconf 77' lang='lat' dir='ltr'>tx.</span> <span class='ocrx_word' id='word_1_16' title='bbox 1038 593 1064 633; x_wconf 80' lang='lat' dir='ltr'>er</span> 
     </span>
     <span class='ocr_line' id='line_1_4' title="bbox 321 666 1064 733; baseline 0.007 -5"><span class='ocrx_word' id='word_1_17' title='bbox 321 670 376 728; x_wconf 89' lang='lat' dir='ltr'>silii</span> <span class='ocrx_word' id='word_1_18' title='bbox 390 688 470 729; x_wconf 79' lang='lat' dir='ltr'>vul.</span> <span class='ocrx_word' id='word_1_19' title='bbox 487 666 594 729; x_wconf 88' lang='lat' dir='ltr'>Christi</span> <span class='ocrx_word' id='word_1_20' title='bbox 607 671 681 729; x_wconf 83' lang='lat' dir='ltr'>verb</span> <span class='ocrx_word' id='word_1_21' title='bbox 699 686 788 729; x_wconf 84' lang='lat' dir='ltr'><strong>xvn.</strong></span> <span class='ocrx_word' id='word_1_22' title='bbox 803 667 900 727; x_wconf 86' lang='lat' dir='ltr'>Uxori</span> <span class='ocrx_word' id='word_1_23' title='bbox 916 669 1064 733; x_wconf 70' lang='lat' dir='ltr'>mandirat</span> 
     </span>
     <span class='ocr_line' id='line_1_5' title="bbox 319 764 1064 831; baseline 0.007 -5"><span class='ocrx_word' id='word_1_24' title='bbox 319 785 353 827; x_wconf 87' lang='lat' dir='ltr'>ut</span> <span class='ocrx_word' id='word_1_25' title='bbox 369 767 410 828; x_wconf 90' lang='lat' dir='ltr'>sui</span> <span class='ocrx_word' id='word_1_26' title='bbox 427 768 556 829; x_wconf 67' lang='lat' dir='ltr'>defuncli</span> <span class='ocrx_word' id='word_1_27' title='bbox 572 764 632 825; x_wconf 86' lang='lat' dir='ltr'>olla</span> <span class='ocrx_word' id='word_1_28' title='bbox 646 765 775 825; x_wconf 86' lang='lat' dir='ltr'>Romam</span> <span class='ocrx_word' id='word_1_29' title='bbox 791 765 945 826; x_wconf 85' lang='lat' dir='ltr'>referenda</span> <span class='ocrx_word' id='word_1_30' title='bbox 958 788 1064 831; x_wconf 85' lang='lat' dir='ltr'>curaret</span> 
     </span>
     <span class='ocr_line' id='line_1_6' title="bbox 322 866 1064 941; baseline 0.004 -14"><span class='ocrx_word' id='word_1_31' title='bbox 322 867 356 927; x_wconf 77' lang='grc' dir='ltr'>ὃ(</span> <span class='ocrx_word' id='word_1_32' title='bbox 373 869 403 926; x_wconf 89' lang='lat' dir='ltr'>in</span> <span class='ocrx_word' id='word_1_33' title='bbox 419 867 471 927; x_wconf 90' lang='lat' dir='ltr'>suo</span> <span class='ocrx_word' id='word_1_34' title='bbox 487 868 650 928; x_wconf 86' lang='lat' dir='ltr'>suburbano</span> <span class='ocrx_word' id='word_1_35' title='bbox 666 866 729 928; x_wconf 92' lang='lat' dir='ltr'>solo</span> <span class='ocrx_word' id='word_1_36' title='bbox 742 866 915 941; x_wconf 84' lang='lat' dir='ltr'>condenda,</span> <span class='ocrx_word' id='word_1_37' title='bbox 935 889 1000 928; x_wconf 88' lang='lat' dir='ltr'>cum</span> <span class='ocrx_word' id='word_1_38' title='bbox 1016 870 1064 932; x_wconf 81' lang='lat' dir='ltr'>hor</span> 
     </span>
     <span class='ocr_line' id='line_1_7' title="bbox 319 967 931 1055; baseline 0.003 -28"><span class='ocrx_word' id='word_1_39' title='bbox 319 987 356 1027; x_wconf 89' lang='lat' dir='ltr'>ce</span> <span class='ocrx_word' id='word_1_40' title='bbox 376 969 547 1055; x_wconf 85' lang='lat' dir='ltr'>epitaphio,</span> <span class='ocrx_word' id='word_1_41' title='bbox 566 969 646 1052; x_wconf 91' lang='lat' dir='ltr'>quod</span> <span class='ocrx_word' id='word_1_42' title='bbox 663 970 717 1029; x_wconf 89' lang='lat' dir='ltr'>sibi</span> <span class='ocrx_word' id='word_1_43' title='bbox 732 968 791 1051; x_wconf 89' lang='lat' dir='ltr'>ipse</span> <span class='ocrx_word' id='word_1_44' title='bbox 809 967 931 1030; x_wconf 83' lang='lat' dir='ltr'>fecerat.</span> 
     </span>
    </p>
   </div>
   <div class='ocr_carea' id='block_1_3' title="bbox 384 1090 1064 1433">
    <p class='ocr_par' dir='ltr' id='par_1_3' title="bbox 385 1090 1049 1255">
     <span class='ocr_line' id='line_1_8' title="bbox 385 1090 1049 1161; baseline 0.008 -21"><span class='ocrx_word' id='word_1_45' title='bbox 385 1090 436 1141; x_wconf 86' lang='lat' dir='ltr'>Hic</span> <span class='ocrx_word' id='word_1_46' title='bbox 453 1110 500 1161; x_wconf 83' lang='lat' dir='ltr'>ego</span> <span class='ocrx_word' id='word_1_47' title='bbox 515 1096 554 1161; x_wconf 92' lang='lat' dir='ltr'>qui</span> <span class='ocrx_word' id='word_1_48' title='bbox 568 1094 659 1161; x_wconf 81' lang='lat' dir='ltr'>jaceo,</span> <span class='ocrx_word' id='word_1_49' title='bbox 675 1107 816 1146; x_wconf 87' lang='lat' dir='ltr'>tenerorum</span> <span class='ocrx_word' id='word_1_50' title='bbox 832 1094 897 1145; x_wconf 84' lang='lat' dir='ltr'>lusor</span> <span class='ocrx_word' id='word_1_51' title='bbox 912 1093 1049 1155; x_wconf 86' lang='lat' dir='ltr'>Amorum,</span> 
     </span>
     <span class='ocr_line' id='line_1_9' title="bbox 423 1186 859 1255; baseline 0.009 -22"><span class='ocrx_word' id='word_1_52' title='bbox 423 1186 526 1252; x_wconf 83' lang='lat' dir='ltr'>ingenio</span> <span class='ocrx_word' id='word_1_53' title='bbox 541 1190 604 1253; x_wconf 87' lang='lat' dir='ltr'>perii</span> <span class='ocrx_word' id='word_1_54' title='bbox 621 1190 685 1238; x_wconf 88' lang='lat' dir='ltr'>Naso</span> <span class='ocrx_word' id='word_1_55' title='bbox 701 1191 774 1255; x_wconf 79' lang='lat' dir='ltr'>po&#39;e&#39;ta</span> <span class='ocrx_word' id='word_1_56' title='bbox 793 1205 859 1237; x_wconf 86' lang='lat' dir='ltr'>meo.</span> 
     </span>
    </p>

    <p class='ocr_par' dir='ltr' id='par_1_4' title="bbox 384 1276 1064 1433">
     <span class='ocr_line' id='line_1_10' title="bbox 384 1276 1064 1347; baseline 0.006 -20"><span class='ocrx_word' id='word_1_57' title='bbox 384 1276 421 1327; x_wconf 81' lang='lat' dir='ltr'>At</span> <span class='ocrx_word' id='word_1_58' title='bbox 432 1278 478 1326; x_wconf 89' lang='lat' dir='ltr'>tibi</span> <span class='ocrx_word' id='word_1_59' title='bbox 490 1311 498 1336; x_wconf 93' lang='lat'>‚</span> <span class='ocrx_word' id='word_1_60' title='bbox 511 1280 550 1344; x_wconf 88' lang='lat' dir='ltr'>qui</span> <span class='ocrx_word' id='word_1_61' title='bbox 563 1282 669 1341; x_wconf 81' lang='lat' dir='ltr'>transis,</span> <span class='ocrx_word' id='word_1_62' title='bbox 681 1297 712 1331; x_wconf 88' lang='lat' dir='ltr'>ne</span> <span class='ocrx_word' id='word_1_63' title='bbox 724 1281 755 1330; x_wconf 88' lang='lat' dir='ltr'>sit</span> <span class='ocrx_word' id='word_1_64' title='bbox 765 1296 839 1347; x_wconf 80' lang='lat' dir='ltr'>grave</span> <span class='ocrx_word' id='word_1_65' title='bbox 850 1309 858 1336; x_wconf 88' lang='lat'>,</span> <span class='ocrx_word' id='word_1_66' title='bbox 871 1278 976 1345; x_wconf 83' lang='lat' dir='ltr'>quis&#39;quis</span> <span class='ocrx_word' id='word_1_67' title='bbox 988 1280 1064 1331; x_wconf 80' lang='lat' dir='ltr'>amasti</span> 
     </span>
     <span class='ocr_line' id='line_1_11' title="bbox 421 1372 962 1433; baseline 0.004 -12"><span class='ocrx_word' id='word_1_68' title='bbox 421 1372 534 1433; x_wconf 79' lang='lat' dir='ltr'>Dicere,</span> <span class='ocrx_word' id='word_1_69' title='bbox 554 1376 656 1428; x_wconf 84' lang='lat' dir='ltr'>Nasonis</span> <span class='ocrx_word' id='word_1_70' title='bbox 673 1376 780 1425; x_wconf 85' lang='lat' dir='ltr'>molliter</span> <span class='ocrx_word' id='word_1_71' title='bbox 797 1374 845 1424; x_wconf 81' lang='lat' dir='ltr'>ossa</span> <span class='ocrx_word' id='word_1_72' title='bbox 862 1374 962 1423; x_wconf 86' lang='lat' dir='ltr'>cubent.</span> 
     </span>
    </p>
   </div>
   <div class='ocr_carea' id='block_1_4' title="bbox 317 1477 1064 3073">
    <p class='ocr_par' dir='ltr' id='par_1_5' title="bbox 317 1477 1064 2563">
     <span class='ocr_line' id='line_1_12' title="bbox 361 1477 1064 1561; baseline 0.001 -20"><span class='ocrx_word' id='word_1_73' title='bbox 361 1477 547 1559; x_wconf 68' lang='lat' dir='ltr'>Quonrrrm</span> <span class='ocrx_word' id='word_1_74' title='bbox 557 1486 643 1550; x_wconf 86' lang='lat' dir='ltr'>fuerit</span> <span class='ocrx_word' id='word_1_75' title='bbox 655 1487 834 1548; x_wconf 83' lang='lat' dir='ltr'>eruditorum</span> <span class='ocrx_word' id='word_1_76' title='bbox 847 1483 884 1543; x_wconf 91' lang='lat' dir='ltr'>de</span> <span class='ocrx_word' id='word_1_77' title='bbox 893 1480 1005 1543; x_wconf 86' lang='lat' dir='ltr'>Ovidio</span> <span class='ocrx_word' id='word_1_78' title='bbox 1014 1479 1064 1561; x_wconf 85' lang='lat' dir='ltr'>jud</span> 
     </span>
     <span class='ocr_line' id='line_1_13' title="bbox 320 1580 1064 1670; baseline 0.004 -32"><span class='ocrx_word' id='word_1_79' title='bbox 320 1580 423 1653; x_wconf 89' lang='lat' dir='ltr'>cium,</span> <span class='ocrx_word' id='word_1_80' title='bbox 440 1581 504 1643; x_wconf 81' lang='lat' dir='ltr'>satis</span> <span class='ocrx_word' id='word_1_81' title='bbox 520 1586 648 1670; x_wconf 84' lang='lat' dir='ltr'>loquitur</span> <span class='ocrx_word' id='word_1_82' title='bbox 664 1587 847 1649; x_wconf 85' lang='lat' dir='ltr'>consentiens</span> <span class='ocrx_word' id='word_1_83' title='bbox 863 1602 909 1646; x_wconf 94' lang='lat' dir='ltr'>tot</span> <span class='ocrx_word' id='word_1_84' title='bbox 925 1583 1064 1644; x_wconf 88' lang='lat' dir='ltr'>seculorur</span> 
     </span>
     <span class='ocr_line' id='line_1_14' title="bbox 322 1679 1064 1747; baseline 0.004 -8"><span class='ocrx_word' id='word_1_85' title='bbox 322 1679 492 1743; x_wconf 88' lang='lat' dir='ltr'>desummo</span> <span class='ocrx_word' id='word_1_86' title='bbox 510 1703 578 1746; x_wconf 86' lang='lat' dir='ltr'>vate</span> <span class='ocrx_word' id='word_1_87' title='bbox 598 1685 686 1747; x_wconf 86' lang='lat' dir='ltr'>fama.</span> <span class='ocrx_word' id='word_1_88' title='bbox 709 1686 811 1747; x_wconf 89' lang='lat' dir='ltr'>Unum</span> <span class='ocrx_word' id='word_1_89' title='bbox 829 1688 860 1746; x_wconf 87' lang='lat' dir='ltr'>in</span> <span class='ocrx_word' id='word_1_90' title='bbox 881 1704 918 1745; x_wconf 91' lang='lat' dir='ltr'>eo</span> <span class='ocrx_word' id='word_1_91' title='bbox 939 1684 1021 1743; x_wconf 88' lang='lat' dir='ltr'>multi</span> <span class='ocrx_word' id='word_1_92' title='bbox 1039 1703 1064 1743; x_wconf 78' lang='lat' dir='ltr'>rt</span> 
     </span>
     <span class='ocr_line' id='line_1_15' title="bbox 321 1781 1064 1870; baseline 0.004 -29"><span class='ocrx_word' id='word_1_93' title='bbox 321 1782 529 1862; x_wconf 85' lang='lat' dir='ltr'>prehendunt,</span> <span class='ocrx_word' id='word_1_94' title='bbox 551 1785 631 1868; x_wconf 89' lang='lat' dir='ltr'>quod</span> <span class='ocrx_word' id='word_1_95' title='bbox 648 1788 731 1845; x_wconf 88' lang='lat' dir='ltr'>nimis</span> <span class='ocrx_word' id='word_1_96' title='bbox 749 1781 911 1870; x_wconf 84' lang='lat' dir='ltr'>ingeniosus</span> <span class='ocrx_word' id='word_1_97' title='bbox 930 1784 1064 1867; x_wconf 75' lang='lat' dir='ltr'>aliquand</span> 
     </span>
     <span class='ocr_line' id='line_1_16' title="bbox 323 1883 1064 1967; baseline 0.003 -24"><span class='ocrx_word' id='word_1_98' title='bbox 323 1886 360 1943; x_wconf 87' lang='lat' dir='ltr'>sit</span> <span class='ocrx_word' id='word_1_99' title='bbox 383 1905 390 1943; x_wconf 75' lang='grc' dir='ltr'>ε</span> <span class='ocrx_word' id='word_1_100' title='bbox 414 1886 495 1967; x_wconf 83' lang='lat' dir='ltr'>quod</span> <span class='ocrx_word' id='word_1_101' title='bbox 518 1889 621 1947; x_wconf 83' lang='lat' dir='ltr'>vitium</span> <span class='ocrx_word' id='word_1_102' title='bbox 646 1885 711 1947; x_wconf 72' lang='lat' dir='ltr'>sane</span> <span class='ocrx_word' id='word_1_103' title='bbox 740 1907 900 1967; x_wconf 83' lang='lat' dir='ltr'>paucorum</span> <span class='ocrx_word' id='word_1_104' title='bbox 929 1883 980 1947; x_wconf 85' lang='lat' dir='ltr'>est.</span> <span class='ocrx_word' id='word_1_105' title='bbox 1009 1884 1064 1945; x_wconf 88' lang='lat' dir='ltr'>Eur</span> 
     </span>
     <span class='ocr_line' id='line_1_17' title="bbox 320 1982 1064 2067; baseline 0.003 -24"><span class='ocrx_word' id='word_1_106' title='bbox 320 1982 533 2063; x_wconf 73' lang='lat' dir='ltr'>Quinllilianus</span> <span class='ocrx_word' id='word_1_107' title='bbox 566 1985 661 2045; x_wconf 77' lang='lat' dir='ltr'>multi&gt;</span> <span class='ocrx_word' id='word_1_108' title='bbox 696 1984 923 2067; x_wconf 79' lang='lat' dir='ltr'>praestantiorem</span> <span class='ocrx_word' id='word_1_109' title='bbox 958 1985 1064 2046; x_wconf 86' lang='lat' dir='ltr'>futurur</span> 
     </span>
     <span class='ocr_line' id='line_1_18' title="bbox 320 2081 1064 2167; baseline 0.004 -23"><span class='ocrx_word' id='word_1_110' title='bbox 320 2081 402 2145; x_wconf 81' lang='lat' dir='ltr'>fuiffe</span> <span class='ocrx_word' id='word_1_111' title='bbox 423 2084 536 2160; x_wconf 88' lang='lat' dir='ltr'>tradit,</span> <span class='ocrx_word' id='word_1_112' title='bbox 563 2089 586 2144; x_wconf 90' lang='lat' dir='ltr'>si</span> <span class='ocrx_word' id='word_1_113' title='bbox 604 2088 724 2166; x_wconf 85' lang='lat' dir='ltr'>ingenio</span> <span class='ocrx_word' id='word_1_114' title='bbox 745 2086 796 2146; x_wconf 89' lang='lat' dir='ltr'>suo</span> <span class='ocrx_word' id='word_1_115' title='bbox 814 2104 979 2166; x_wconf 83' lang='lat' dir='ltr'>temperare</span> <span class='ocrx_word' id='word_1_116' title='bbox 1000 2087 1064 2167; x_wconf 73' lang='lat' dir='ltr'>quir</span> 
     </span>
     <span class='ocr_line' id='line_1_19' title="bbox 321 2183 1064 2267; baseline 0.008 -26"><span class='ocrx_word' id='word_1_117' title='bbox 321 2183 472 2267; x_wconf 85' lang='lat' dir='ltr'>indulgere</span> <span class='ocrx_word' id='word_1_118' title='bbox 492 2185 644 2247; x_wconf 78' lang='lat' dir='ltr'>maluisset.</span> <span class='ocrx_word' id='word_1_119' title='bbox 665 2184 749 2246; x_wconf 87' lang='lat' dir='ltr'>Illam</span> <span class='ocrx_word' id='word_1_120' title='bbox 770 2186 914 2246; x_wconf 80' lang='lat' dir='ltr'>tamenin</span> <span class='ocrx_word' id='word_1_121' title='bbox 934 2184 1064 2247; x_wconf 89' lang='lat' dir='ltr'>scribend</span> 
     </span>
     <span class='ocr_line' id='line_1_20' title="bbox 322 2281 1064 2371; baseline 0.007 -29"><span class='ocrx_word' id='word_1_122' title='bbox 322 2281 530 2365; x_wconf 77' lang='lat' dir='ltr'>riegligenr&#39;iam</span> <span class='ocrx_word' id='word_1_123' title='bbox 548 2286 664 2351; x_wconf 79' lang='lat' dir='ltr'>solebat</span> <span class='ocrx_word' id='word_1_124' title='bbox 680 2288 739 2371; x_wconf 89' lang='lat' dir='ltr'>ipse</span> <span class='ocrx_word' id='word_1_125' title='bbox 758 2288 914 2361; x_wconf 83' lang='lat' dir='ltr'>excusare,</span> <span class='ocrx_word' id='word_1_126' title='bbox 935 2308 1024 2369; x_wconf 89' lang='lat' dir='ltr'><strong>quum</strong></span> <span class='ocrx_word' id='word_1_127' title='bbox 1042 2288 1064 2347; x_wconf 80' lang='lat' dir='ltr'>di</span> 
     </span>
     <span class='ocr_line' id='line_1_21' title="bbox 320 2377 1064 2477; baseline 0.012 -35"><span class='ocrx_word' id='word_1_128' title='bbox 320 2399 404 2443; x_wconf 87' lang='lat' dir='ltr'>cerer</span> <span class='ocrx_word' id='word_1_129' title='bbox 417 2377 644 2477; x_wconf 67' lang='lat' dir='ltr'>3&#39;rlecemi&#39;orern</span> <span class='ocrx_word' id='word_1_130' title='bbox 658 2385 714 2450; x_wconf 83' lang='lat' dir='ltr'>elie</span> <span class='ocrx_word' id='word_1_131' title='bbox 729 2388 854 2465; x_wconf 75' lang='lat' dir='ltr'>faciem,</span> <span class='ocrx_word' id='word_1_132' title='bbox 869 2390 898 2448; x_wconf 88' lang='lat' dir='ltr'>in</span> <span class='ocrx_word' id='word_1_133' title='bbox 915 2410 971 2472; x_wconf 84' lang='lat' dir='ltr'>qua</span> <span class='ocrx_word' id='word_1_134' title='bbox 987 2411 1064 2453; x_wconf 82' lang='lat' dir='ltr'>naevt</span> 
     </span>
     <span class='ocr_line' id='line_1_22' title="bbox 317 2481 555 2563; baseline 0.034 -22"><span class='ocrx_word' id='word_1_135' title='bbox 317 2481 426 2563; x_wconf 79' lang='lat' dir='ltr'>&#39;aliquis</span> <span class='ocrx_word' id='word_1_136' title='bbox 443 2483 555 2549; x_wconf 77' lang='lat' dir='ltr'>iriellet.</span> 
     </span>
    </p>

    <p class='ocr_par' dir='ltr' id='par_1_6' title="bbox 317 2584 1064 3073">
     <span class='ocr_line' id='line_1_23' title="bbox 362 2584 1064 2671; baseline 0.016 -26"><span class='ocrx_word' id='word_1_137' title='bbox 362 2584 467 2645; x_wconf 81' lang='lat' dir='ltr'>Lrnru</span> <span class='ocrx_word' id='word_1_138' title='bbox 483 2585 544 2667; x_wconf 82' lang='lat' dir='ltr'>ejus</span> <span class='ocrx_word' id='word_1_139' title='bbox 556 2588 717 2671; x_wconf 83' lang='lat' dir='ltr'>superstites</span> <span class='ocrx_word' id='word_1_140' title='bbox 729 2590 792 2653; x_wconf 88' lang='lat' dir='ltr'>sunt</span> <span class='ocrx_word' id='word_1_141' title='bbox 805 2592 953 2653; x_wconf 86' lang='lat' dir='ltr'>Heroides</span> <span class='ocrx_word' id='word_1_142' title='bbox 966 2638 975 2667; x_wconf 88' lang='lat'>‚</span> <span class='ocrx_word' id='word_1_143' title='bbox 992 2591 1064 2658; x_wconf 84' lang='lat' dir='ltr'>Am&lt;</span> 
     </span>
     <span class='ocr_line' id='line_1_24' title="bbox 318 2683 1061 2759; baseline 0.012 -13"><span class='ocrx_word' id='word_1_144' title='bbox 318 2703 386 2746; x_wconf 82' lang='lat' dir='ltr'>rum</span> <span class='ocrx_word' id='word_1_145' title='bbox 405 2683 471 2744; x_wconf 86' lang='lat' dir='ltr'>libri</span> <span class='ocrx_word' id='word_1_146' title='bbox 489 2702 547 2748; x_wconf 86' lang='lat' dir='ltr'>tres</span> <span class='ocrx_word' id='word_1_147' title='bbox 558 2733 570 2759; x_wconf 91' lang='lat'>‚</span> <span class='ocrx_word' id='word_1_148' title='bbox 584 2689 621 2749; x_wconf 88' lang='lat' dir='ltr'>de</span> <span class='ocrx_word' id='word_1_149' title='bbox 633 2689 705 2751; x_wconf 86' lang='lat' dir='ltr'>Arte</span> <span class='ocrx_word' id='word_1_150' title='bbox 717 2690 845 2751; x_wconf 83' lang='lat' dir='ltr'>Amandi</span> <span class='ocrx_word' id='word_1_151' title='bbox 858 2691 922 2750; x_wconf 88' lang='lat' dir='ltr'>libri</span> <span class='ocrx_word' id='word_1_152' title='bbox 937 2694 1061 2755; x_wconf 88' lang='lat' dir='ltr'>totidem</span> 
     </span>
     <span class='ocr_line' id='line_1_25' title="bbox 318 2777 1064 2875; baseline 0.009 -31"><span class='ocrx_word' id='word_1_153' title='bbox 318 2777 674 2866; x_wconf 25' lang='lat' dir='ltr'>Remeldlii&#39;rumbmoris</span> <span class='ocrx_word' id='word_1_154' title='bbox 691 2792 765 2852; x_wconf 90' lang='lat' dir='ltr'>liber</span> <span class='ocrx_word' id='word_1_155' title='bbox 788 2791 960 2875; x_wconf 84' lang='lat' dir='ltr'>singularis,</span> <span class='ocrx_word' id='word_1_156' title='bbox 985 2793 1064 2855; x_wconf 85' lang='lat' dir='ltr'>Medi</span> 
     </span>
     <span class='ocr_line' id='line_1_26' title="bbox 318 2861 1064 2972; baseline 0.007 -28"><span class='ocrx_word' id='word_1_157' title='bbox 318 2861 562 2972; x_wconf 55' lang='lat' dir='ltr'>bibriilrl‘iiciei,</span> <span class='ocrx_word' id='word_1_158' title='bbox 584 2887 792 2965; x_wconf 82' lang='lat' dir='ltr'>Halieuticon‚</span> <span class='ocrx_word' id='word_1_159' title='bbox 810 2890 902 2965; x_wconf 83' lang='lat' dir='ltr'>Nux,</span> <span class='ocrx_word' id='word_1_160' title='bbox 921 2890 957 2950; x_wconf 87' lang='lat' dir='ltr'>ad</span> <span class='ocrx_word' id='word_1_161' title='bbox 975 2892 1064 2951; x_wconf 84' lang='lat' dir='ltr'>Liviar</span> 
     </span>
     <span class='ocr_line' id='line_1_27' title="bbox 317 2949 1064 3073; baseline 0.009 -29"><span class='ocrx_word' id='word_1_162' title='bbox 317 2949 519 3064; x_wconf 52' lang='lat' dir='ltr'>cimbro,</span> <span class='ocrx_word' id='word_1_163' title='bbox 537 2987 820 3073; x_wconf 79' lang='lat' dir='ltr'>Metamorphoseon</span> <span class='ocrx_word' id='word_1_164' title='bbox 835 2991 900 3053; x_wconf 85' lang='lat' dir='ltr'>libri</span> <span class='ocrx_word' id='word_1_165' title='bbox 915 3010 973 3053; x_wconf 87' lang='lat' dir='ltr'>xv.</span> <span class='ocrx_word' id='word_1_166' title='bbox 990 2971 1064 3053; x_wconf 66' lang='lat' dir='ltr'>Fasti</span> 
     </span>
    </p>
   </div>
   <div class='ocr_carea' id='block_1_5' title="bbox 0 0 1202 3892">
    <p class='ocr_par' dir='ltr' id='par_1_7' title="bbox 0 0 1202 3892">
     <span class='ocr_line' id='line_1_28' title="bbox 0 0 1202 3892; baseline 0 0"><span class='ocrx_word' id='word_1_167' title='bbox 0 0 1202 3892; x_wconf 95' lang='lat' dir='ltr'> </span> 
     </span>
    </p>
   </div>
  </div>
 </body>
</html>
