2392 3892
257 664 307 740 52
355 644 397 713 P.
424 644 609 715 OVIDH
635 642 861 717 Nasonis

257 768 361 817 Dixerat
371 763 473 824 dictes,
484 763 555 814 maesti
566 764 709 832 consurgitis
719 782 804 817 ornnes
814 799 823 825 ,

294 839 427 906 Mensaque
437 853 570 905 purpureos
581 837 669 887 deserit
679 838 728 887 alta
736 851 817 889 toros.

259 913 338 977 Quin
346 914 389 964 tibi
399 928 462 961 nunc
469 909 546 977 ,iong'e
554 926 655 977 regnum
666 910 748 960 dotale
758 910 878 975 Creiisae,

295 986 327 1036 Et
341 986 425 1043 socer,
440 985 465 1034 &
475 982 553 1051 magni
565 995 622 1032 nata
632 982 746 1033 Creontis
758 998 828 1036 erant
841 986 848 1035 !
929 1035 932 1042 ,

217 1077 229 1127 5
236 1078 246 1126 5
261 1059 345 1109 Tristis
354 1060 403 1109 abis
414 1074 422 1109 ε
433 1057 511 1107 oculis
521 1058 649 1107 abeuntem
660 1055 794 1123 prosequor
802 1058 857 1110 udis
867 1076 879 1119 ς

295 1133 327 1182 Et
337 1132 397 1182 dixit
406 1131 474 1181 tenui
484 1145 606 1180 murmure
616 1129 786 1198 lingua,Vale.

259 1205 296 1256 Ut
306 1206 412 1272 positum
421 1204 493 1269 tetigi
502 1204 609 1252 thalamo
623 1204 686 1253 rnale
696 1202 774 1253 saucia
785 1202 888 1265 iccium,

295 1279 354 1329 Atta
365 1277 397 1327 est
407 1292 451 1341 per
460 1276 577 1341 lacrymas
586 1292 636 1324 nox
646 1275 703 1324 mihi
713 1307 721 1334 ,
730 1289 819 1342 quanta
828 1278 886 1328 fuit.

260 1352 325 1402 Ante
335 1350 419 1400 oculos
428 1347 538 1412 taurique
544 1359 643 1405 truces,
654 1348 797 1416 segetesque
806 1351 932 1405 nefandae

218 1426 252 1478 60
300 1423 364 1472 Ante
375 1437 443 1470 meos
452 1420 538 1469 oculos
545 1420 647 1486 pervigil
657 1420 740 1487 anguis
750 1434 812 1472 erat.
848 1429 851 1434 ’

261 1492 964 1563 Hincamor,irinctimorest:ipiuntinroraugetamorema'

297 1570 372 1619 Mane
381 1580 443 1625 erat,
456 1567 594 1619 &thalamo
605 1584 660 1617 cara
669 1580 768 1633 recepta
778 1568 857 1621 sorore
952 1605 956 1615 .

261 1641 439 1710 Disiediarnque
449 1657 529 1691 comas
539 1674 546 1699 ,
559 1640 689 1706 aversaque
699 1641 725 1689 in
734 1656 776 1690 ora
785 1640 925 1708 jacentem,

298 1716 393 1767 Invenit
403 1748 411 1775 ,
424 1716 450 1765 St
460 1714 570 1781 lacrymis
580 1712 659 1763 omnia
669 1713 740 1777 piena
750 1715 819 1765 meis.

219 1792 250 1857 65
264 1791 327 1842 Orat
337 1805 408 1856 opem
418 1786 509 1855 Minyis
521 1802 528 1838 s
538 1786 600 1854 petit
607 1786 684 1835 altera
694 1818 702 1844 ‚
714 1786 740 1835 dc
750 1788 828 1837 altera
836 1788 942 1840 habebit.

297 1861 397 1913 AEsonio
408 1860 504 1927 juveni,
515 1860 580 1926 quod
593 1870 664 1926 rogat
673 1857 722 1917 iila,
730 1859 823 1911 damus.

263 1936 302 1986 Est
311 1950 394 1986 nemus
404 1934 429 1983 ὃ(
441 1932 516 1998 piceis
527 1933 686 1983 &frondibus
696 1932 756 1982 ilicis
763 1946 842 1984 atrum
851 1948 862 1986 t

297 2008 349 2060 Vix
359 2006 417 2057 iilud
427 2006 497 2055 radiis
507 2005 562 2056 solis
571 2007 638 2056 adire
647 2006 715 2056 licet.

263 2082 324 2132 Sunt
338 2081 362 2131 in
374 2096 405 2131 eo
415 2112 423 2139 ,
433 2080 575 2145 fuerantque
591 2080 632 2128 diu
644 2113 651 2137 ,
666 2080 764 2128 delubra
773 2078 879 2131 Dianaet

208 2159 253 2223 *70
299 2154 381 2204 Aurea
388 2152 511 2202 barbarici
520 2150 563 2201 stat
571 2151 627 2201 Dea
637 2152 697 2201 faita
710 2169 789 2202 manu.

262 2226 353 2278 Nodin‘
364 2241 394 2276 an
404 2225 538 2274 exciderint
548 2241 643 2274 mecum
654 2224 726 2274 loca?
736 2226 845 2277 venimus
854 2226 912 2277 illuc
922 2242 931 2278 t

300 2299 376 2350 Orsus
385 2316 411 2348 es
422 2296 495 2348 infido
506 2298 542 2347 sic
551 2298 617 2363 prior
627 2315 670 2348 ore
680 2298 755 2364 loqui.

263 2374 277 2428 J
279 2389 307 2424 us
315 2374 359 2423 tibi
369 2372 394 2423 δι
403 2372 523 2422 arbitrium
532 2370 616 2421 nostrae
626 2372 732 2421 Fortuna
745 2371 825 2421 salutis

299 2446 426 2497 Tradidit:
438 2447 509 2513 inque
522 2443 564 2494 tui
574 2445 672 2511 vitaque
684 2460 796 2509 morsque
807 2461 889 2497 manu.

219 2537 252 2586 75
265 2520 371 2571 Perdere
379 2518 444 2584 poffe
455 2519 488 2568 sat
496 2518 530 2567 est
540 2551 548 2576 ,
558 2519 579 2567 si
590 2534 663 2583 quern
672 2516 740 2581 juvet
749 2516 799 2581 ipsa
808 2518 934 2580 potestas:

300 2593 349 2642 Sed
357 2592 401 2641 tibi
409 2591 515 2643 servatus
526 2589 602 2657 gloria
612 2587 689 2652 major
698 2603 751 2636 ero.

264 2666 311 2717 Per
319 2665 380 2715 maia
392 2664 470 2713 nostra
481 2678 583 2728 precor,
594 2676 695 2725 quorum
702 2671 774 2726 potes
784 2658 831 2711 eise
842 2664 964 2722 levamen}

301 2738 347 2788 Pet
357 2752 430 2803 genus
443 2736 469 2786 ὃ(
477 2750 565 2783 numen
574 2732 658 2782 cunda
670 2732 774 2782 videntis
784 2735 823 2783 avi
832 2753 843 2794 ς

264 2812 311 2864 Per
318 2808 416 2876 triplicis
427 2808 507 2857 vultus
518 2822 651 2872 arcanaque
661 2805 725 2855 sacra
739 2806 845 2869 Dianae;

221 2887 255 2937 80
301 2884 333 2935 Et
341 2882 362 2932 si
372 2882 436 2932 forte
446 2880 506 2930 aiios
518 2896 576 2949 gens
589 2880 662 2930 habet
674 2879 715 2930 ista
726 2880 796 2930 Deos
809 2898 817 2932 r
916 2908 923 2924 ·

265 2958 290 3009 0
301 2958 385 3027 virgo,
395 2950 577 3010 misereremei!
589 2952 702 3005 miserere
712 2971 821 3005 meorum
833 2952 842 3005 i

300 3029 376 3081 Effice
386 3046 424 3080 me
433 3027 523 3080 meritis
532 3040 628 3095 ternpus
639 3029 664 3079 in
673 3046 743 3080 omne
754 3042 821 3078 tuum
833 3028 840 3077 !
876 3048 879 3053 ·

265 3103 340 3171 Quod
346 3105 366 3155 si
374 3104 439 3156 forte
445 3102 523 3154 virum
533 3118 583 3155 non
590 3102 720 3169 dedignare
729 3100 871 3166 Pelasgum,

304 3174 372 3241 (Sed
382 3175 439 3225 mihi
447 3175 588 3229 tamiaciks
599 3176 680 3233 unde,
692 3188 806 3237 meosque
817 3174 887 3225 Deos
898 3169 942 3244 i)-

222 3248 237 3300 8
242 3264 254 3314 5
266 3248 367 3316 Spiritus
378 3260 434 3300 ante
445 3264 517 3308 meus·
523 3260 611 3297 tenues
619 3243 730 3297 sanescat
737 3242 762 3293 in
772 3261 859 3307 auras,

301 3317 749 3402 Quintiuiaauognisitugnuptasit
762 3318 888 3375 ulianeo.
