2392 3892
329 468 614 540 Hunorum.
639 470 716 542 Er.
742 473 810 541 IV.
869 485 920 566 15

204 585 235 640 ln
246 604 332 641 nemus
342 588 377 639 ire
388 590 464 650 libet,
474 590 609 657 pressisque
620 590 645 639 in
654 590 716 638 retia
726 590 819 649 cervis,
916 617 921 629 ·

244 662 348 712 Hortari
358 664 451 713 celeres
461 681 505 731 per
514 662 571 732 juga
582 664 671 713 summa
680 676 767 711 canes:

207 734 258 786 Aut
267 737 395 786 tremulum
407 736 502 787 excusso
512 736 619 802 jaculum
629 736 723 784 vibrare
735 736 826 784 lacerto
835 749 846 793 3

243 808 295 858 Aut
307 810 331 858 in
346 800 467 876 graminei
480 826 572 875 ponere
588 824 677 873 corpus
690 808 774 857 humo.

206 879 278 946 Saepe
289 880 357 944 juvat
369 882 464 931 versare
474 883 543 931 leves
554 882 578 930 in
588 882 690 947 pulvere
702 896 801 939 currus,
928 896 964 949 45

244 954 416 1020 Torquentem
428 954 503 1003 frenis
514 970 556 1002 ora
566 953 673 1022 sequacis
684 953 748 1019 equi.

206 1026 231 1077 N
233 1043 280 1076 unc
296 1026 379 1083 seror,
391 1036 418 1074 ut
428 1026 517 1075 Bacchi
528 1026 596 1076 suriis
606 1024 730 1074 Eleleides
739 1023 813 1083 asiae,

246 1098 362 1164 Quaeque
373 1098 414 1147 sub
425 1098 491 1147 ldaeo
500 1111 614 1166 tympana
625 1099 689 1148 colle
700 1109 813 1148 movent:

208 1170 262 1221 Aut
274 1187 332 1239 quas
343 1170 451 1221 semideae
461 1172 590 1239 Dryades,
603 1172 727 1239 faunique
738 1172 867 1229 bicornes,

247 1244 352 1293 Numine
363 1244 483 1295 contaslas
493 1258 622 1295 attonuere
632 1245 684 1295 suo.
932 1262 969 1319 50

208 1317 320 1383 Namque
332 1318 388 1368 mihi
398 1318 523 1376 referunt,
535 1335 589 1367 cum
600 1319 623 1367 se
634 1319 701 1367 sutor
711 1318 752 1367 ille
762 1317 864 1378 remisit,

246 1390 336 1440 Omnia
348 1408 354 1439 :
365 1407 404 1441 me
417 1391 515 1439 tacitam
526 1390 635 1439 conscius
644 1388 693 1439 urit
703 1406 779 1440 arnor.

209 1463 321 1513 Forsitan
333 1464 396 1512 hunc
408 1463 503 1530 generis
513 1462 564 1513 sato
574 1463 702 1512 reddamus
713 1478 818 1512 amorem
827 1478 838 1520 5

244 1536 276 1585 Et
289 1536 377 1588 Venus
388 1552 402 1585 e
413 1535 465 1585 toti
475 1549 547 1604 gente
558 1536 647 1586 tributa
658 1546 737 1601 petat.
776 1540 780 1548 '

207 1607 320 1675 luppiter
331 1608 445 1676 Europen
457 1607 468 1673 (
478 1610 551 1675 prima
561 1608 594 1659 est
606 1625 635 1658 ea
645 1608 724 1675 gentis
735 1606 823 1675 origo)
932 1640 965 1694 55

244 1682 356 1740 Dilexit,
371 1694 443 1738 tauro
453 1682 617 1733 dissimulante
629 1682 721 1732 Deum.

208 1752 327 1820 Pasiphae·
340 1769 434 1814 mater,
447 1756 552 1823 decepto
564 1755 657 1805 subdita
669 1769 755 1813 tauro,

245 1828 323 1877 Enixa
335 1829 368 1878 est
378 1842 450 1878 utero
461 1830 552 1879 crimen
565 1830 671 1894 onusque
684 1828 736 1878 suo.

209 1898 318 1953 Perfidus
329 1900 447 1970 AEgides,
459 1902 570 1952 ducentia
579 1901 619 1951 sila
630 1902 740 1960 secutus,

246 1975 327 2025 Curva
339 1991 398 2025 meaa
409 1975 471 2043 sugit
481 1975 544 2025 tedia
555 1975 643 2025 sotoris
655 1992 712 2040 ope.
927 1981 965 2038 60

204 2046 246 2098 En
256 2064 305 2115 ego
317 2065 396 2108 nunc,
409 2066 439 2098 ne
450 2049 515 2099 forte
525 2065 607 2115 parum
620 2048 717 2097 Minoia
729 2046 831 2107 credar,

246 2121 274 2170 ln
286 2119 362 2171 socias
373 2123 455 2189 leges,
468 2122 550 2171 ultima
561 2122 656 2189 gentis,
668 2138 709 2170 eo.

210 2192 265 2243 Hoc
277 2212 373 2261 quoque
384 2195 458 2244 fatale
469 2194 502 2245 est
514 2211 521 2245 ι
535 2196 626 2260 placuit
637 2194 721 2243 domus
731 2209 778 2241 una
789 2190 891 2241 duabus·

246 2267 290 2316 Me
301 2280 342 2317 tua
352 2266 429 2317 forma
441 2268 519 2332 capit,
531 2278 601 2331 capta
611 2277 712 2329 patente
722 2265 800 2313 soror.

210 2338 328 2391 Thesides
339 2338 496 2405 Theseusque
508 2338 566 2388 duas
576 2353 679 2404 rapuere
691 2337 802 2387 sorores:
930 2333 964 2404 65

246 2414 332 2465 Ponite
344 2414 375 2463 de
386 2413 464 2464 nollrd
473 2413 528 2462 bina
538 2424 630 2477 tropaea
642 2412 724 2460 domo.

211 2485 349 2555 Tempore,
362 2504 413 2553 quo
421 2488 490 2537 vobis
500 2485 558 2535 inita
569 2485 602 2535 esl
614 2484 721 2534 Cerealis
733 2481 845 2543 Eleusin,

247 2560 344 2612 Gnosia
358 2578 397 2610 me
410 2561 498 2610 vellem
514 2558 650 2609 detinuisset
660 2559 755 2608 humus.

210 2632 278 2685 Tunc
288 2634 346 2683 mihi
354 2632 475 2700 praecipuit
488 2630 551 2697 (nec
562 2649 612 2682 non
621 2644 701 2682 tamen
710 2632 783 2701 ante)
795 2630 917 2698 placebas:

243 2708 311 2758 Acer
322 2706 346 2756 in
357 2707 469 2757 extrenus
481 2707 573 2755 ossibus
584 2705 652 2754 haesit
661 2721 737 2754 amor.
928 2709 964 2765 10

211 2780 318 2831 Candida
328 2778 399 2829 vestis
410 2792 462 2828 erat
472 2813 479 2837 ,
491 2779 610 2845 praecindli
619 2778 681 2828 ssore
690 2777 771 2844 capilli
781 2792 788 2827 ε

243 2855 317 2906 Flava
330 2850 483 2903 verecundus
494 2852 597 2902 tinxerat
607 2869 649 2901 ora
660 2854 743 2901 rubor.

212 2924 338 2995 Quemque
346 2937 438 2977 vocant
446 2924 498 2975 aliae
507 2925 598 2975 vultum
608 2925 757 2993 rigidumque
763 2933 916 2993 trucemque,

246 3000 293 3052 l’ro
306 3000 407 3069 rigido,
422 2996 523 3048 Phaedra
531 2996 631 3064 judice,
644 2998 713 3048 sortis
723 3011 784 3049 erat.

211 3070 260 3123 Sint
269 3075 356 3139 procul
367 3091 382 3123 a
393 3072 462 3123 nobis
472 3070 573 3139 juvenes
583 3106 590 3131 ,
599 3084 627 3120 ut
638 3072 741 3131 semina,
753 3068 844 3142 conatis
878 3090 884 3095 ’
925 3090 961 3144 75

243 3145 302 3203 Fue
314 3148 364 3201 coli
372 3146 471 3202 modico
481 3145 559 3200 forma
567 3143 643 3199 virilis
652 3155 729 3198 amat.
