<?xml version="1.0" encoding="UTF-8"?>
<!DOCTYPE html PUBLIC "-//W3C//DTD XHTML 1.0 Transitional//EN"
    "http://www.w3.org/TR/xhtml1/DTD/xhtml1-transitional.dtd">
<html xmlns="http://www.w3.org/1999/xhtml" xml:lang="en" lang="en">
 <head>
  <title>
</title>
<meta http-equiv="Content-Type" content="text/html;charset=utf-8" />
  <meta name='ocr-system' content='tesseract 3.04.00' />
  <meta name='ocr-capabilities' content='ocr_page ocr_carea ocr_par ocr_line ocrx_word'/>
</head>
<body>
  <div class='ocr_page' id='page_1' title='image "./povidiinasoniso00heingoog_0162.png"; bbox 0 0 2392 3892; ppageno 0'>
   <div class='ocr_carea' id='block_1_1' title="bbox 273 341 930 435">
    <p class='ocr_par' dir='ltr' id='par_1_1' title="bbox 273 341 930 435">
     <span class='ocr_line' id='line_1_1' title="bbox 273 341 930 435; baseline -0.003 -19"><span class='ocrx_word' id='word_1_1' title='bbox 273 349 434 416; x_wconf 73' lang='lat' dir='ltr'>Lrunn</span> <span class='ocrx_word' id='word_1_2' title='bbox 458 343 516 413; x_wconf 86' lang='grc' dir='ltr'>ΙΙ.</span> <span class='ocrx_word' id='word_1_3' title='bbox 542 341 734 410; x_wconf 70' lang='lat' dir='ltr'>Eram</span> <span class='ocrx_word' id='word_1_4' title='bbox 759 343 826 410; x_wconf 86' lang='grc' dir='ltr'><em>ΙΙΙ.</em></span> <span class='ocrx_word' id='word_1_5' title='bbox 855 363 930 435; x_wconf 82' lang='lat'>147</span> 
     </span>
    </p>
   </div>
   <div class='ocr_carea' id='block_1_2' title="bbox 160 458 974 1331">
    <p class='ocr_par' dir='ltr' id='par_1_2' title="bbox 230 458 970 590">
     <span class='ocr_line' id='line_1_2' title="bbox 230 458 970 531; baseline -0.005 -15"><span class='ocrx_word' id='word_1_6' title='bbox 230 464 302 531; x_wconf 82' lang='lat' dir='ltr'>Culpa</span> <span class='ocrx_word' id='word_1_7' title='bbox 317 480 365 513; x_wconf 88' lang='lat' dir='ltr'>nec</span> <span class='ocrx_word' id='word_1_8' title='bbox 379 479 410 513; x_wconf 85' lang='lat' dir='ltr'>ex</span> <span class='ocrx_word' id='word_1_9' title='bbox 423 461 505 520; x_wconf 85' lang='lat' dir='ltr'>facili,</span> <span class='ocrx_word' id='word_1_10' title='bbox 523 462 629 529; x_wconf 77' lang='lat' dir='ltr'>quamvis</span> <span class='ocrx_word' id='word_1_11' title='bbox 642 458 780 520; x_wconf 79' lang='lat' dir='ltr'>manifesta,</span> <span class='ocrx_word' id='word_1_12' title='bbox 793 462 916 527; x_wconf 84' lang='lat' dir='ltr'>probatur.</span> <span class='ocrx_word' id='word_1_13' title='bbox 939 477 950 522; x_wconf 84' lang='lat'><em>5</em></span> <span class='ocrx_word' id='word_1_14' title='bbox 958 475 970 523; x_wconf 88' lang='lat'>5</span> 
     </span>
     <span class='ocr_line' id='line_1_3' title="bbox 260 533 721 590; baseline -0.017 0"><span class='ocrx_word' id='word_1_15' title='bbox 260 537 352 590; x_wconf 77' lang='lat' dir='ltr'>Judicie</span> <span class='ocrx_word' id='word_1_16' title='bbox 367 535 408 586; x_wconf 86' lang='lat' dir='ltr'>illa</span> <span class='ocrx_word' id='word_1_17' title='bbox 425 534 459 585; x_wconf 83' lang='lat' dir='ltr'>sui</span> <span class='ocrx_word' id='word_1_18' title='bbox 474 546 525 584; x_wconf 86' lang='lat' dir='ltr'>tuta</span> <span class='ocrx_word' id='word_1_19' title='bbox 542 533 627 583; x_wconf 83' lang='lat' dir='ltr'>favore</span> <span class='ocrx_word' id='word_1_20' title='bbox 643 533 721 582; x_wconf 83' lang='lat' dir='ltr'>venit.</span> 
     </span>
    </p>

    <p class='ocr_par' dir='ltr' id='par_1_3' title="bbox 186 603 882 748">
     <span class='ocr_line' id='line_1_4' title="bbox 186 603 882 675; baseline -0.006 -14"><span class='ocrx_word' id='word_1_21' title='bbox 186 632 189 641; x_wconf 96' lang='lat'>·</span> <span class='ocrx_word' id='word_1_22' title='bbox 227 610 321 667; x_wconf 81' lang='lat' dir='ltr'>Viderit</span> <span class='ocrx_word' id='word_1_23' title='bbox 339 609 388 675; x_wconf 87' lang='lat' dir='ltr'>ipse</span> <span class='ocrx_word' id='word_1_24' title='bbox 405 609 483 667; x_wconf 89' lang='lat' dir='ltr'>licet,</span> <span class='ocrx_word' id='word_1_25' title='bbox 503 606 586 656; x_wconf 85' lang='lat' dir='ltr'><strong>credet</strong></span> <span class='ocrx_word' id='word_1_26' title='bbox 601 618 681 655; x_wconf 88' lang='lat' dir='ltr'>tamen</span> <span class='ocrx_word' id='word_1_27' title='bbox 700 603 749 672; x_wconf 90' lang='lat' dir='ltr'>ipse</span> <span class='ocrx_word' id='word_1_28' title='bbox 765 606 882 673; x_wconf 78' lang='lat' dir='ltr'>negantit</span> 
     </span>
     <span class='ocr_line' id='line_1_5' title="bbox 257 677 849 748; baseline -0.012 -15"><span class='ocrx_word' id='word_1_29' title='bbox 257 683 439 748; x_wconf 81' lang='lat' dir='ltr'>Damnabitque</span> <span class='ocrx_word' id='word_1_30' title='bbox 457 680 563 737; x_wconf 86' lang='lat' dir='ltr'>oculos,</span> <span class='ocrx_word' id='word_1_31' title='bbox 583 679 609 729; x_wconf 80' lang='grc' dir='ltr'>δι</span> <span class='ocrx_word' id='word_1_32' title='bbox 624 679 669 729; x_wconf 83' lang='lat' dir='ltr'>sibi</span> <span class='ocrx_word' id='word_1_33' title='bbox 685 680 758 727; x_wconf 84' lang='lat' dir='ltr'>verba</span> <span class='ocrx_word' id='word_1_34' title='bbox 774 677 849 727; x_wconf 83' lang='lat' dir='ltr'>dabit.</span> 
     </span>
    </p>

    <p class='ocr_par' dir='ltr' id='par_1_4' title="bbox 160 750 850 822">
     <span class='ocr_line' id='line_1_6' title="bbox 160 750 850 822; baseline -0.009 -15"><span class='ocrx_word' id='word_1_35' title='bbox 160 807 162 820; x_wconf 74' lang='grc'>,</span> <span class='ocrx_word' id='word_1_36' title='bbox 225 754 328 822; x_wconf 73' lang='lat' dir='ltr'>Aspiciat</span> <span class='ocrx_word' id='word_1_37' title='bbox 342 755 447 805; x_wconf 68' lang='lat' dir='ltr'>dominae</span> <span class='ocrx_word' id='word_1_38' title='bbox 463 752 597 817; x_wconf 78' lang='lat' dir='ltr'>lacrymas,</span> <span class='ocrx_word' id='word_1_39' title='bbox 617 751 721 817; x_wconf 81' lang='lat' dir='ltr'>plorabit</span> <span class='ocrx_word' id='word_1_40' title='bbox 737 750 763 800; x_wconf 88' lang='lat'>&amp;</span> <span class='ocrx_word' id='word_1_41' title='bbox 779 750 850 817; x_wconf 73' lang='lat' dir='ltr'>ipset</span> 
     </span>
    </p>

    <p class='ocr_par' dir='ltr' id='par_1_5' title="bbox 160 823 974 891">
     <span class='ocr_line' id='line_1_7' title="bbox 160 823 974 891; baseline -0.011 -10"><span class='ocrx_word' id='word_1_42' title='bbox 160 831 162 838; x_wconf 88' lang='lat'>&#39;</span> <span class='ocrx_word' id='word_1_43' title='bbox 257 827 287 880; x_wconf 80' lang='lat' dir='ltr'>Et</span> <span class='ocrx_word' id='word_1_44' title='bbox 305 829 394 886; x_wconf 88' lang='lat' dir='ltr'>dicet,</span> <span class='ocrx_word' id='word_1_45' title='bbox 412 825 500 875; x_wconf 80' lang='lat' dir='ltr'>Poenas</span> <span class='ocrx_word' id='word_1_46' title='bbox 517 826 624 891; x_wconf 83' lang='lat' dir='ltr'>garrulus</span> <span class='ocrx_word' id='word_1_47' title='bbox 640 824 681 873; x_wconf 88' lang='lat' dir='ltr'>ille</span> <span class='ocrx_word' id='word_1_48' title='bbox 698 823 771 872; x_wconf 86' lang='lat' dir='ltr'>dabit.</span> <span class='ocrx_word' id='word_1_49' title='bbox 936 823 974 872; x_wconf 78' lang='grc' dir='ltr'>6ο</span> 
     </span>
    </p>

    <p class='ocr_par' dir='ltr' id='par_1_6' title="bbox 160 892 886 967">
     <span class='ocr_line' id='line_1_8' title="bbox 160 892 886 967; baseline -0.014 -13"><span class='ocrx_word' id='word_1_50' title='bbox 160 897 162 966; x_wconf 68' lang='lat' dir='ltr'><strong>j</strong></span> <span class='ocrx_word' id='word_1_51' title='bbox 225 898 302 967; x_wconf 77' lang='lat' dir='ltr'>Qulm</span> <span class='ocrx_word' id='word_1_52' title='bbox 322 901 401 965; x_wconf 84' lang='lat' dir='ltr'>dispar</span> <span class='ocrx_word' id='word_1_53' title='bbox 412 909 540 953; x_wconf 39' lang='lat' dir='ltr'>*certamen</span> <span class='ocrx_word' id='word_1_54' title='bbox 556 896 602 947; x_wconf 84' lang='lat' dir='ltr'>inis</span> <span class='ocrx_word' id='word_1_55' title='bbox 620 896 627 946; x_wconf 82' lang='lat' dir='ltr'>l</span> <span class='ocrx_word' id='word_1_56' title='bbox 646 896 688 947; x_wconf 91' lang='lat' dir='ltr'>tibi</span> <span class='ocrx_word' id='word_1_57' title='bbox 704 896 806 946; x_wconf 73' lang='lat' dir='ltr'>verbera</span> <span class='ocrx_word' id='word_1_58' title='bbox 821 892 886 945; x_wconf 74' lang='lat' dir='ltr'>ville</span> 
     </span>
    </p>

    <p class='ocr_par' dir='ltr' id='par_1_7' title="bbox 160 968 777 1039">
     <span class='ocr_line' id='line_1_9' title="bbox 160 968 777 1039; baseline -0.011 -12"><span class='ocrx_word' id='word_1_59' title='bbox 160 1003 162 1038; x_wconf 87' lang='lat'><strong>:</strong></span> <span class='ocrx_word' id='word_1_60' title='bbox 255 975 353 1026; x_wconf 79' lang='lat' dir='ltr'>Adsunt</span> <span class='ocrx_word' id='word_1_61' title='bbox 370 988 378 1024; x_wconf 76' lang='lat' dir='ltr'><strong><em>z</em></strong></span> <span class='ocrx_word' id='word_1_62' title='bbox 394 972 419 1021; x_wconf 91' lang='lat' dir='ltr'>in</span> <span class='ocrx_word' id='word_1_63' title='bbox 436 970 528 1039; x_wconf 81' lang='lat' dir='ltr'>gremio</span> <span class='ocrx_word' id='word_1_64' title='bbox 541 968 629 1037; x_wconf 79' lang='lat' dir='ltr'>judicis</span> <span class='ocrx_word' id='word_1_65' title='bbox 645 970 686 1020; x_wconf 84' lang='lat' dir='ltr'>illa</span> <span class='ocrx_word' id='word_1_66' title='bbox 701 968 777 1020; x_wconf 85' lang='lat' dir='ltr'>sedet.</span> 
     </span>
    </p>

    <p class='ocr_par' dir='ltr' id='par_1_8' title="bbox 224 1036 920 1170">
     <span class='ocr_line' id='line_1_10' title="bbox 224 1036 920 1113; baseline -0.011 -16"><span class='ocrx_word' id='word_1_67' title='bbox 224 1045 276 1099; x_wconf 78' lang='lat' dir='ltr'>lion</span> <span class='ocrx_word' id='word_1_68' title='bbox 293 1047 373 1096; x_wconf 84' lang='lat' dir='ltr'>scelus</span> <span class='ocrx_word' id='word_1_69' title='bbox 389 1044 562 1113; x_wconf 82' lang='lat' dir='ltr'>aggredimur:</span> <span class='ocrx_word' id='word_1_70' title='bbox 577 1056 627 1093; x_wconf 85' lang='lat' dir='ltr'>non</span> <span class='ocrx_word' id='word_1_71' title='bbox 643 1044 673 1094; x_wconf 85' lang='lat' dir='ltr'>ad</span> <span class='ocrx_word' id='word_1_72' title='bbox 687 1041 807 1093; x_wconf 86' lang='lat' dir='ltr'>miscenda</span> <span class='ocrx_word' id='word_1_73' title='bbox 823 1036 920 1093; x_wconf 79' lang='lat' dir='ltr'>coimus</span> 
     </span>
     <span class='ocr_line' id='line_1_11' title="bbox 255 1115 844 1170; baseline -0.008 -1"><span class='ocrx_word' id='word_1_74' title='bbox 255 1120 351 1170; x_wconf 82' lang='lat' dir='ltr'>Toxica</span> <span class='ocrx_word' id='word_1_75' title='bbox 367 1135 375 1170; x_wconf 72' lang='grc' dir='ltr'><strong><em>ε</em></strong></span> <span class='ocrx_word' id='word_1_76' title='bbox 392 1134 442 1168; x_wconf 92' lang='lat' dir='ltr'>non</span> <span class='ocrx_word' id='word_1_77' title='bbox 457 1115 535 1167; x_wconf 72' lang='lat' dir='ltr'>stritlo</span> <span class='ocrx_word' id='word_1_78' title='bbox 553 1117 663 1166; x_wconf 78' lang='lat' dir='ltr'>fulminat</span> <span class='ocrx_word' id='word_1_79' title='bbox 678 1116 733 1165; x_wconf 87' lang='lat' dir='ltr'>ense</span> <span class='ocrx_word' id='word_1_80' title='bbox 750 1131 844 1165; x_wconf 79' lang='lat' dir='ltr'>manus.</span> 
     </span>
    </p>

    <p class='ocr_par' dir='ltr' id='par_1_9' title="bbox 225 1185 971 1257">
     <span class='ocr_line' id='line_1_12' title="bbox 225 1185 971 1257; baseline -0.007 -16"><span class='ocrx_word' id='word_1_81' title='bbox 225 1187 377 1257; x_wconf 77' lang='lat' dir='ltr'>Quaerimus,</span> <span class='ocrx_word' id='word_1_82' title='bbox 397 1203 425 1239; x_wconf 91' lang='lat' dir='ltr'>ut</span> <span class='ocrx_word' id='word_1_83' title='bbox 439 1186 495 1239; x_wconf 81' lang='lat' dir='ltr'>tutti</span> <span class='ocrx_word' id='word_1_84' title='bbox 512 1200 596 1254; x_wconf 87' lang='lat' dir='ltr'>perte</span> <span class='ocrx_word' id='word_1_85' title='bbox 613 1188 730 1253; x_wconf 83' lang='lat' dir='ltr'>possimus</span> <span class='ocrx_word' id='word_1_86' title='bbox 747 1203 836 1235; x_wconf 87' lang='lat' dir='ltr'>amare.</span> <span class='ocrx_word' id='word_1_87' title='bbox 935 1185 971 1248; x_wconf 80' lang='lat'>65</span> 
     </span>
    </p>

    <p class='ocr_par' dir='ltr' id='par_1_10' title="bbox 160 1255 841 1331">
     <span class='ocr_line' id='line_1_13' title="bbox 160 1255 841 1331; baseline -0.015 -16"><span class='ocrx_word' id='word_1_88' title='bbox 160 1279 162 1284; x_wconf 90' lang='lat'>·</span> <span class='ocrx_word' id='word_1_89' title='bbox 247 1263 321 1328; x_wconf 76' lang='lat' dir='ltr'>¹Quid</span> <span class='ocrx_word' id='word_1_90' title='bbox 336 1261 449 1331; x_wconf 80' lang='lat' dir='ltr'>prec&#39;ibut</span> <span class='ocrx_word' id='word_1_91' title='bbox 464 1259 548 1312; x_wconf 81' lang='lat' dir='ltr'>nostris</span> <span class='ocrx_word' id='word_1_92' title='bbox 562 1260 660 1311; x_wconf 81' lang='lat' dir='ltr'>mollius</span> <span class='ocrx_word' id='word_1_93' title='bbox 677 1258 723 1310; x_wconf 86' lang='lat' dir='ltr'>effe</span> <span class='ocrx_word' id='word_1_94' title='bbox 740 1255 841 1323; x_wconf 68' lang='lat' dir='ltr'>potest!</span> 
     </span>
    </p>
   </div>
   <div class='ocr_carea' id='block_1_3' title="bbox 160 1367 904 1550">
    <p class='ocr_par' dir='ltr' id='par_1_11' title="bbox 160 1367 904 1550">
     <span class='ocr_line' id='line_1_14' title="bbox 160 1367 904 1467; baseline -0.008 -37"><span class='ocrx_word' id='word_1_95' title='bbox 160 1371 163 1450; x_wconf 73' lang='grc' dir='ltr'>ξ</span> <span class='ocrx_word' id='word_1_96' title='bbox 251 1367 904 1467; x_wconf 15' lang='grc' dir='ltr'>«ε-εε--αΐμε--ε--κ-»μ</span> 
     </span>
     <span class='ocr_line' id='line_1_15' title="bbox 376 1484 772 1550; baseline -0.005 -1"><span class='ocrx_word' id='word_1_97' title='bbox 376 1484 633 1550; x_wconf 81' lang='lat' dir='ltr'><strong>ELEGIA</strong></span> <span class='ocrx_word' id='word_1_98' title='bbox 680 1484 772 1548; x_wconf 88' lang='lat'><em>111.</em></span> 
     </span>
    </p>
   </div>
   <div class='ocr_carea' id='block_1_4' title="bbox 213 1579 988 2955">
    <p class='ocr_par' dir='ltr' id='par_1_12' title="bbox 223 1579 988 1792">
     <span class='ocr_line' id='line_1_16' title="bbox 223 1579 988 1713; baseline -0.007 -15"><span class='ocrx_word' id='word_1_99' title='bbox 223 1579 330 1698; x_wconf 72' lang='lat' dir='ltr'>Hm</span> <span class='ocrx_word' id='word_1_100' title='bbox 339 1644 399 1696; x_wconf 85' lang='lat' dir='ltr'>mihi</span> <span class='ocrx_word' id='word_1_101' title='bbox 408 1644 414 1695; x_wconf 87' lang='lat' dir='ltr'>l</span> <span class='ocrx_word' id='word_1_102' title='bbox 424 1646 488 1713; x_wconf 87' lang='lat' dir='ltr'>quod</span> <span class='ocrx_word' id='word_1_103' title='bbox 498 1643 779 1703; x_wconf 84' lang='lat' dir='ltr'>dominam-necvir,nec</span> <span class='ocrx_word' id='word_1_104' title='bbox 787 1639 970 1701; x_wconf 64' lang='lat' dir='ltr'>semianimas</span> <span class='ocrx_word' id='word_1_105' title='bbox 979 1658 988 1700; x_wconf 70' lang='grc' dir='ltr'>ς</span> 
     </span>
     <span class='ocr_line' id='line_1_17' title="bbox 252 1716 901 1792; baseline 0 -26"><span class='ocrx_word' id='word_1_106' title='bbox 252 1716 341 1767; x_wconf 86' lang='lat' dir='ltr'>Mutua</span> <span class='ocrx_word' id='word_1_107' title='bbox 356 1736 402 1769; x_wconf 86' lang='lat' dir='ltr'>nec</span> <span class='ocrx_word' id='word_1_108' title='bbox 418 1720 523 1773; x_wconf 85' lang='lat' dir='ltr'>Veneris</span> <span class='ocrx_word' id='word_1_109' title='bbox 539 1719 626 1792; x_wconf 71' lang='lat' dir='ltr'>gaudia</span> <span class='ocrx_word' id='word_1_110' title='bbox 640 1717 705 1769; x_wconf 83' lang='lat' dir='ltr'>nosse</span> <span class='ocrx_word' id='word_1_111' title='bbox 720 1730 801 1785; x_wconf 73' lang='lat' dir='ltr'>poter.</span> <span class='ocrx_word' id='word_1_112' title='bbox 843 1746 845 1753; x_wconf 50' lang='grc' dir='ltr'><strong><em>ι</em></strong></span> <span class='ocrx_word' id='word_1_113' title='bbox 899 1740 901 1745; x_wconf 95' lang='grc'><strong><em>·</em></strong></span> 
     </span>
    </p>

    <p class='ocr_par' dir='ltr' id='par_1_13' title="bbox 219 1788 841 1933">
     <span class='ocr_line' id='line_1_18' title="bbox 219 1788 841 1861; baseline 0.006 -22"><span class='ocrx_word' id='word_1_114' title='bbox 219 1788 268 1855; x_wconf 83' lang='lat' dir='ltr'>Qui</span> <span class='ocrx_word' id='word_1_115' title='bbox 283 1791 372 1857; x_wconf 87' lang='lat' dir='ltr'>primus</span> <span class='ocrx_word' id='word_1_116' title='bbox 387 1793 466 1857; x_wconf 84' lang='lat' dir='ltr'>pueris</span> <span class='ocrx_word' id='word_1_117' title='bbox 483 1792 596 1861; x_wconf 80' lang='lat' dir='ltr'>genitalia</span> <span class='ocrx_word' id='word_1_118' title='bbox 611 1793 718 1843; x_wconf 90' lang='lat' dir='ltr'>membra</span> <span class='ocrx_word' id='word_1_119' title='bbox 732 1790 841 1850; x_wconf 83' lang='lat' dir='ltr'>recidit;</span> 
     </span>
     <span class='ocr_line' id='line_1_19' title="bbox 253 1864 783 1933; baseline 0.002 -19"><span class='ocrx_word' id='word_1_120' title='bbox 253 1864 381 1922; x_wconf 79' lang='lat' dir='ltr'>Vulnera,</span> <span class='ocrx_word' id='word_1_121' title='bbox 399 1882 451 1931; x_wconf 83' lang='lat' dir='ltr'>quae</span> <span class='ocrx_word' id='word_1_122' title='bbox 465 1865 543 1923; x_wconf 83' lang='lat' dir='ltr'>fecit,</span> <span class='ocrx_word' id='word_1_123' title='bbox 561 1866 645 1915; x_wconf 85' lang='lat' dir='ltr'>debuit</span> <span class='ocrx_word' id='word_1_124' title='bbox 659 1866 708 1933; x_wconf 86' lang='lat' dir='ltr'>ipse</span> <span class='ocrx_word' id='word_1_125' title='bbox 722 1866 783 1931; x_wconf 85' lang='lat' dir='ltr'>pati.</span> 
     </span>
    </p>

    <p class='ocr_par' dir='ltr' id='par_1_14' title="bbox 214 1934 944 2075">
     <span class='ocr_line' id='line_1_20' title="bbox 214 1934 944 2007; baseline 0 -20"><span class='ocrx_word' id='word_1_126' title='bbox 214 1937 299 1987; x_wconf 78' lang='lat' dir='ltr'>Mollis</span> <span class='ocrx_word' id='word_1_127' title='bbox 315 1937 340 1987; x_wconf 86' lang='lat' dir='ltr'>in</span> <span class='ocrx_word' id='word_1_128' title='bbox 358 1937 515 2003; x_wconf 86' lang='lat' dir='ltr'>obsequium,</span> <span class='ocrx_word' id='word_1_129' title='bbox 534 1939 659 2004; x_wconf 84' lang='lat' dir='ltr'>facilisque</span> <span class='ocrx_word' id='word_1_130' title='bbox 675 1938 814 2006; x_wconf 74' lang='lat' dir='ltr'>rogantibus</span> <span class='ocrx_word' id='word_1_131' title='bbox 830 1934 889 1987; x_wconf 82' lang='lat' dir='ltr'>effes</span> <span class='ocrx_word' id='word_1_132' title='bbox 901 1948 944 2007; x_wconf 41' lang='lat'>3¹5</span> 
     </span>
     <span class='ocr_line' id='line_1_21' title="bbox 250 2009 757 2075; baseline 0.006 -17"><span class='ocrx_word' id='word_1_133' title='bbox 250 2009 275 2058; x_wconf 89' lang='lat' dir='ltr'>Si</span> <span class='ocrx_word' id='word_1_134' title='bbox 291 2023 349 2059; x_wconf 87' lang='lat' dir='ltr'>tuus</span> <span class='ocrx_word' id='word_1_135' title='bbox 366 2010 392 2058; x_wconf 89' lang='lat' dir='ltr'>in</span> <span class='ocrx_word' id='word_1_136' title='bbox 408 2010 489 2075; x_wconf 86' lang='lat' dir='ltr'>quavis</span> <span class='ocrx_word' id='word_1_137' title='bbox 505 2009 666 2075; x_wconf 82' lang='lat' dir='ltr'>praetepuillet</span> <span class='ocrx_word' id='word_1_138' title='bbox 681 2027 757 2063; x_wconf 83' lang='lat' dir='ltr'>amor.</span> 
     </span>
    </p>

    <p class='ocr_par' dir='ltr' id='par_1_15' title="bbox 214 2081 873 2207">
     <span class='ocr_line' id='line_1_22' title="bbox 214 2081 873 2147; baseline 0.002 -14"><span class='ocrx_word' id='word_1_139' title='bbox 214 2084 272 2133; x_wconf 86' lang='lat' dir='ltr'>Non</span> <span class='ocrx_word' id='word_1_140' title='bbox 287 2094 315 2131; x_wconf 92' lang='lat' dir='ltr'>tu</span> <span class='ocrx_word' id='word_1_141' title='bbox 332 2093 403 2131; x_wconf 85' lang='lat' dir='ltr'>natus</span> <span class='ocrx_word' id='word_1_142' title='bbox 419 2098 503 2147; x_wconf 86' lang='lat' dir='ltr'>equo,</span> <span class='ocrx_word' id='word_1_143' title='bbox 522 2098 572 2130; x_wconf 88' lang='lat' dir='ltr'>nou</span> <span class='ocrx_word' id='word_1_144' title='bbox 585 2081 688 2131; x_wconf 82' lang='lat' dir='ltr'>fortibus</span> <span class='ocrx_word' id='word_1_145' title='bbox 704 2083 767 2133; x_wconf 84' lang='lat' dir='ltr'>utilis</span> <span class='ocrx_word' id='word_1_146' title='bbox 782 2081 873 2134; x_wconf 81' lang='lat' dir='ltr'>armis:</span> 
     </span>
     <span class='ocr_line' id='line_1_23' title="bbox 249 2154 799 2207; baseline 0.007 -3"><span class='ocrx_word' id='word_1_147' title='bbox 249 2154 341 2205; x_wconf 87' lang='lat' dir='ltr'>Bellica</span> <span class='ocrx_word' id='word_1_148' title='bbox 356 2170 408 2204; x_wconf 85' lang='lat' dir='ltr'>non</span> <span class='ocrx_word' id='word_1_149' title='bbox 425 2154 516 2203; x_wconf 85' lang='lat' dir='ltr'>dextrae</span> <span class='ocrx_word' id='word_1_150' title='bbox 533 2154 647 2204; x_wconf 83' lang='lat' dir='ltr'>convenit</span> <span class='ocrx_word' id='word_1_151' title='bbox 662 2154 724 2205; x_wconf 82' lang='lat' dir='ltr'>hasta</span> <span class='ocrx_word' id='word_1_152' title='bbox 739 2167 799 2207; x_wconf 75' lang='lat' dir='ltr'>tuae.</span> 
     </span>
    </p>

    <p class='ocr_par' dir='ltr' id='par_1_16' title="bbox 215 2226 964 2367">
     <span class='ocr_line' id='line_1_24' title="bbox 215 2226 819 2293; baseline 0.005 -17"><span class='ocrx_word' id='word_1_153' title='bbox 215 2226 258 2277; x_wconf 79' lang='lat' dir='ltr'>lua</span> <span class='ocrx_word' id='word_1_154' title='bbox 273 2243 352 2277; x_wconf 81' lang='lat' dir='ltr'>mares</span> <span class='ocrx_word' id='word_1_155' title='bbox 367 2226 471 2277; x_wconf 70' lang='lat' dir='ltr'>traftent</span> <span class='ocrx_word' id='word_1_156' title='bbox 486 2243 493 2277; x_wconf 93' lang='lat'><strong>:</strong></span> <span class='ocrx_word' id='word_1_157' title='bbox 508 2238 535 2276; x_wconf 92' lang='lat' dir='ltr'>tu</span> <span class='ocrx_word' id='word_1_158' title='bbox 549 2227 602 2292; x_wconf 83' lang='lat' dir='ltr'>spes</span> <span class='ocrx_word' id='word_1_159' title='bbox 617 2228 713 2293; x_wconf 86' lang='lat' dir='ltr'>depone</span> <span class='ocrx_word' id='word_1_160' title='bbox 728 2229 819 2279; x_wconf 70' lang='lat' dir='ltr'>viriles·</span> 
     </span>
     <span class='ocr_line' id='line_1_25' title="bbox 250 2298 964 2367; baseline 0 -19"><span class='ocrx_word' id='word_1_161' title='bbox 250 2299 304 2349; x_wconf 87' lang='lat' dir='ltr'>Sint</span> <span class='ocrx_word' id='word_1_162' title='bbox 318 2299 362 2349; x_wconf 87' lang='lat' dir='ltr'>tibi</span> <span class='ocrx_word' id='word_1_163' title='bbox 376 2317 429 2351; x_wconf 87' lang='lat' dir='ltr'>cum</span> <span class='ocrx_word' id='word_1_164' title='bbox 445 2298 541 2351; x_wconf 78' lang='lat' dir='ltr'>domini</span> <span class='ocrx_word' id='word_1_165' title='bbox 557 2299 625 2367; x_wconf 76' lang='lat' dir='ltr'>signa</span> <span class='ocrx_word' id='word_1_166' title='bbox 641 2302 739 2352; x_wconf 79' lang='lat' dir='ltr'>ferenda</span> <span class='ocrx_word' id='word_1_167' title='bbox 755 2301 807 2352; x_wconf 74' lang='lat' dir='ltr'>tui.</span> <span class='ocrx_word' id='word_1_168' title='bbox 930 2311 964 2349; x_wconf 70' lang='grc' dir='ltr'>ιο</span> 
     </span>
    </p>

    <p class='ocr_par' dir='ltr' id='par_1_17' title="bbox 213 2368 837 2514">
     <span class='ocr_line' id='line_1_26' title="bbox 213 2368 837 2443; baseline 0.006 -20"><span class='ocrx_word' id='word_1_169' title='bbox 213 2368 283 2423; x_wconf 79' lang='lat' dir='ltr'>lianc</span> <span class='ocrx_word' id='word_1_170' title='bbox 299 2370 372 2437; x_wconf 82' lang='lat' dir='ltr'>imple</span> <span class='ocrx_word' id='word_1_171' title='bbox 386 2374 477 2425; x_wconf 84' lang='lat' dir='ltr'>meritis</span> <span class='ocrx_word' id='word_1_172' title='bbox 491 2389 500 2424; x_wconf 76' lang='lat' dir='ltr'>t</span> <span class='ocrx_word' id='word_1_173' title='bbox 515 2372 587 2440; x_wconf 83' lang='lat' dir='ltr'>hujus</span> <span class='ocrx_word' id='word_1_174' title='bbox 604 2374 646 2425; x_wconf 90' lang='lat' dir='ltr'>tibi</span> <span class='ocrx_word' id='word_1_175' title='bbox 660 2376 739 2443; x_wconf 79' lang='lat' dir='ltr'>gratia</span> <span class='ocrx_word' id='word_1_176' title='bbox 749 2372 837 2443; x_wconf 69' lang='lat' dir='ltr'>prosit·</span> 
     </span>
     <span class='ocr_line' id='line_1_27' title="bbox 249 2444 741 2514; baseline 0.01 -20"><span class='ocrx_word' id='word_1_177' title='bbox 249 2444 274 2494; x_wconf 88' lang='lat' dir='ltr'>Si</span> <span class='ocrx_word' id='word_1_178' title='bbox 290 2460 371 2494; x_wconf 85' lang='lat' dir='ltr'>careas</span> <span class='ocrx_word' id='word_1_179' title='bbox 386 2445 446 2506; x_wconf 72' lang='lat' dir='ltr'>itta,</span> <span class='ocrx_word' id='word_1_180' title='bbox 462 2446 513 2514; x_wconf 80' lang='lat' dir='ltr'>quis</span> <span class='ocrx_word' id='word_1_181' title='bbox 530 2458 587 2497; x_wconf 84' lang='lat' dir='ltr'>tuus</span> <span class='ocrx_word' id='word_1_182' title='bbox 601 2448 655 2497; x_wconf 85' lang='lat' dir='ltr'>usus</span> <span class='ocrx_word' id='word_1_183' title='bbox 672 2447 741 2499; x_wconf 72' lang='lat' dir='ltr'>erit?</span> 
     </span>
    </p>

    <p class='ocr_par' dir='ltr' id='par_1_18' title="bbox 213 2516 781 2586">
     <span class='ocr_line' id='line_1_28' title="bbox 213 2516 781 2586; baseline 0.007 -18"><span class='ocrx_word' id='word_1_184' title='bbox 213 2516 252 2568; x_wconf 74' lang='lat' dir='ltr'>Est</span> <span class='ocrx_word' id='word_1_185' title='bbox 267 2517 341 2567; x_wconf 86' lang='lat' dir='ltr'>etiam</span> <span class='ocrx_word' id='word_1_186' title='bbox 357 2518 452 2579; x_wconf 78' lang='lat' dir='ltr'>facies,</span> <span class='ocrx_word' id='word_1_187' title='bbox 470 2519 524 2571; x_wconf 88' lang='lat' dir='ltr'>sunt</span> <span class='ocrx_word' id='word_1_188' title='bbox 538 2520 587 2586; x_wconf 82' lang='lat' dir='ltr'>apti</span> <span class='ocrx_word' id='word_1_189' title='bbox 600 2521 692 2570; x_wconf 86' lang='lat' dir='ltr'>lusibus</span> <span class='ocrx_word' id='word_1_190' title='bbox 707 2520 781 2572; x_wconf 81' lang='lat' dir='ltr'>anni:</span> 
     </span>
    </p>

    <p class='ocr_par' dir='ltr' id='par_1_19' title="bbox 218 2590 740 2660">
     <span class='ocr_line' id='line_1_29' title="bbox 218 2590 740 2660; baseline 0.008 -20"><span class='ocrx_word' id='word_1_191' title='bbox 218 2617 221 2622; x_wconf 93' lang='lat'>·</span> <span class='ocrx_word' id='word_1_192' title='bbox 247 2590 351 2657; x_wconf 81' lang='lat' dir='ltr'>ludigna</span> <span class='ocrx_word' id='word_1_193' title='bbox 366 2591 398 2638; x_wconf 84' lang='lat' dir='ltr'>est</span> <span class='ocrx_word' id='word_1_194' title='bbox 412 2591 481 2659; x_wconf 82' lang='lat' dir='ltr'>pigro</span> <span class='ocrx_word' id='word_1_195' title='bbox 496 2592 573 2643; x_wconf 82' lang='lat' dir='ltr'>forma</span> <span class='ocrx_word' id='word_1_196' title='bbox 587 2594 669 2660; x_wconf 86' lang='lat' dir='ltr'>perire</span> <span class='ocrx_word' id='word_1_197' title='bbox 683 2594 740 2644; x_wconf 83' lang='lat' dir='ltr'>situ.</span> 
     </span>
    </p>

    <p class='ocr_par' dir='ltr' id='par_1_20' title="bbox 213 2660 962 2805">
     <span class='ocr_line' id='line_1_30' title="bbox 213 2660 962 2732; baseline -0.005 -17"><span class='ocrx_word' id='word_1_198' title='bbox 213 2664 307 2716; x_wconf 80' lang='lat' dir='ltr'>Fallere</span> <span class='ocrx_word' id='word_1_199' title='bbox 324 2673 350 2712; x_wconf 90' lang='lat' dir='ltr'>te</span> <span class='ocrx_word' id='word_1_200' title='bbox 367 2663 465 2728; x_wconf 90' lang='lat' dir='ltr'>potuit,</span> <span class='ocrx_word' id='word_1_201' title='bbox 483 2668 588 2732; x_wconf 78' lang='lat' dir='ltr'>quamvis</span> <span class='ocrx_word' id='word_1_202' title='bbox 603 2668 708 2715; x_wconf 79' lang='lat' dir='ltr'>habeare</span> <span class='ocrx_word' id='word_1_203' title='bbox 722 2660 834 2714; x_wconf 79' lang='lat' dir='ltr'>molestus</span> <span class='ocrx_word' id='word_1_204' title='bbox 844 2676 858 2713; x_wconf 66' lang='grc' dir='ltr'>ι</span> <span class='ocrx_word' id='word_1_205' title='bbox 930 2670 962 2722; x_wconf 79' lang='lat'>15</span> 
     </span>
     <span class='ocr_line' id='line_1_31' title="bbox 249 2735 781 2805; baseline -0.004 -18"><span class='ocrx_word' id='word_1_206' title='bbox 249 2738 307 2787; x_wconf 89' lang='lat' dir='ltr'>Non</span> <span class='ocrx_word' id='word_1_207' title='bbox 323 2748 391 2786; x_wconf 84' lang='lat' dir='ltr'>caret</span> <span class='ocrx_word' id='word_1_208' title='bbox 406 2735 509 2796; x_wconf 62' lang='lat' dir='ltr'>effectu,</span> <span class='ocrx_word' id='word_1_209' title='bbox 524 2739 588 2805; x_wconf 88' lang='lat' dir='ltr'>quod</span> <span class='ocrx_word' id='word_1_210' title='bbox 605 2740 707 2789; x_wconf 86' lang='lat' dir='ltr'>voluere</span> <span class='ocrx_word' id='word_1_211' title='bbox 723 2738 781 2786; x_wconf 87' lang='lat' dir='ltr'>duo.</span> 
     </span>
    </p>

    <p class='ocr_par' dir='ltr' id='par_1_21' title="bbox 213 2808 843 2955">
     <span class='ocr_line' id='line_1_32' title="bbox 213 2808 843 2877; baseline 0.005 -21"><span class='ocrx_word' id='word_1_212' title='bbox 213 2808 301 2874; x_wconf 70' lang='lat' dir='ltr'>Aptius</span> <span class='ocrx_word' id='word_1_213' title='bbox 317 2820 344 2861; x_wconf 86' lang='lat' dir='ltr'>ut</span> <span class='ocrx_word' id='word_1_214' title='bbox 360 2810 434 2861; x_wconf 86' lang='lat' dir='ltr'>fuerit</span> <span class='ocrx_word' id='word_1_215' title='bbox 448 2812 559 2877; x_wconf 83' lang='lat' dir='ltr'>precibus</span> <span class='ocrx_word' id='word_1_216' title='bbox 575 2809 695 2867; x_wconf 86' lang='lat' dir='ltr'>tentaffe‚</span> <span class='ocrx_word' id='word_1_217' title='bbox 712 2822 843 2875; x_wconf 81' lang='lat' dir='ltr'>rogamust</span> 
     </span>
     <span class='ocr_line' id='line_1_33' title="bbox 247 2881 836 2955; baseline -0.007 -20"><span class='ocrx_word' id='word_1_218' title='bbox 247 2881 321 2934; x_wconf 20' lang='lat' dir='ltr'>Dum,</span> <span class='ocrx_word' id='word_1_219' title='bbox 330 2883 392 2936; x_wconf 81' lang='lat' dir='ltr'>bene</span> <span class='ocrx_word' id='word_1_220' title='bbox 404 2883 513 2955; x_wconf 87' lang='lat' dir='ltr'>ponendi</span> <span class='ocrx_word' id='word_1_221' title='bbox 526 2901 626 2936; x_wconf 87' lang='lat' dir='ltr'>munera</span> <span class='ocrx_word' id='word_1_222' title='bbox 640 2896 736 2948; x_wconf 81' lang='lat' dir='ltr'>tempus</span> <span class='ocrx_word' id='word_1_223' title='bbox 751 2882 836 2931; x_wconf 79' lang='lat' dir='ltr'>habes.</span> 
     </span>
    </p>
   </div>
   <div class='ocr_carea' id='block_1_5' title="bbox 818 3089 877 3164">
    <p class='ocr_par' dir='ltr' id='par_1_22' title="bbox 818 3089 877 3164">
     <span class='ocr_line' id='line_1_34' title="bbox 818 3089 877 3164; baseline -0.051 -19"><span class='ocrx_word' id='word_1_224' title='bbox 818 3089 877 3164; x_wconf 72' lang='lat' dir='ltr'>cn</span> 
     </span>
    </p>
   </div>
   <div class='ocr_carea' id='block_1_6' title="bbox 0 0 1200 3892">
    <p class='ocr_par' dir='ltr' id='par_1_23' title="bbox 0 0 1200 3892">
     <span class='ocr_line' id='line_1_35' title="bbox 0 0 1200 3892; baseline 0 2"><span class='ocrx_word' id='word_1_225' title='bbox 0 0 1200 3892; x_wconf 95' lang='lat' dir='ltr'> </span> 
     </span>
    </p>
   </div>
  </div>
 </body>
</html>
