<?xml version="1.0" encoding="UTF-8"?>
<!DOCTYPE html PUBLIC "-//W3C//DTD XHTML 1.0 Transitional//EN"
    "http://www.w3.org/TR/xhtml1/DTD/xhtml1-transitional.dtd">
<html xmlns="http://www.w3.org/1999/xhtml" xml:lang="en" lang="en">
 <head>
  <title>
</title>
<meta http-equiv="Content-Type" content="text/html;charset=utf-8" />
  <meta name='ocr-system' content='tesseract 3.04.00' />
  <meta name='ocr-capabilities' content='ocr_page ocr_carea ocr_par ocr_line ocrx_word'/>
</head>
<body>
  <div class='ocr_page' id='page_1' title='image "./povidiinasoniso00heingoog_0164.png"; bbox 0 0 2392 3892; ppageno 0'>
   <div class='ocr_carea' id='block_1_1' title="bbox 282 444 926 541">
    <p class='ocr_par' dir='ltr' id='par_1_1' title="bbox 282 444 926 541">
     <span class='ocr_line' id='line_1_1' title="bbox 282 444 926 541; baseline -0.005 -21"><span class='ocrx_word' id='word_1_1' title='bbox 282 445 445 520; x_wconf 76' lang='lat' dir='ltr'>&#39;Lrnan</span> <span class='ocrx_word' id='word_1_2' title='bbox 470 450 529 517; x_wconf 82' lang='grc' dir='ltr'>ΙΙ,</span> <span class='ocrx_word' id='word_1_3' title='bbox 554 444 754 517; x_wconf 73' lang='lat' dir='ltr'>Ezncu</span> <span class='ocrx_word' id='word_1_4' title='bbox 778 452 820 519; x_wconf 89' lang='lat' dir='ltr'>V.</span> <span class='ocrx_word' id='word_1_5' title='bbox 852 467 926 541; x_wconf 79' lang='lat'>149</span> 
     </span>
    </p>
   </div>
   <div class='ocr_carea' id='block_1_2' title="bbox 201 561 972 1713">
    <p class='ocr_par' dir='ltr' id='par_1_2' title="bbox 201 561 972 1713">
     <span class='ocr_line' id='line_1_2' title="bbox 219 561 924 635; baseline -0.003 -16"><span class='ocrx_word' id='word_1_6' title='bbox 219 561 280 628; x_wconf 73' lang='lat' dir='ltr'>Tu,</span> <span class='ocrx_word' id='word_1_7' title='bbox 299 570 355 635; x_wconf 89' lang='lat' dir='ltr'>quia</span> <span class='ocrx_word' id='word_1_8' title='bbox 368 582 417 617; x_wconf 82' lang='lat' dir='ltr'>tarn</span> <span class='ocrx_word' id='word_1_9' title='bbox 432 570 503 635; x_wconf 78' lang='lat' dir='ltr'>longa</span> <span class='ocrx_word' id='word_1_10' title='bbox 518 584 564 624; x_wconf 82' lang='lat' dir='ltr'>es,</span> <span class='ocrx_word' id='word_1_11' title='bbox 579 576 678 614; x_wconf 81' lang='lat' dir='ltr'>veteres</span> <span class='ocrx_word' id='word_1_12' title='bbox 689 564 811 617; x_wconf 80' lang='lat' dir='ltr'>Heroidas</span> <span class='ocrx_word' id='word_1_13' title='bbox 825 583 924 633; x_wconf 62' lang='lat' dir='ltr'>aequm</span> 
     </span>
     <span class='ocr_line' id='line_1_3' title="bbox 256 637 756 705; baseline -0.008 -14"><span class='ocrx_word' id='word_1_14' title='bbox 256 642 288 691; x_wconf 83' lang='lat' dir='ltr'>Et</span> <span class='ocrx_word' id='word_1_15' title='bbox 304 654 375 705; x_wconf 87' lang='lat' dir='ltr'>potes</span> <span class='ocrx_word' id='word_1_16' title='bbox 391 642 415 690; x_wconf 95' lang='lat' dir='ltr'>in</span> <span class='ocrx_word' id='word_1_17' title='bbox 432 652 487 690; x_wconf 86' lang='lat' dir='ltr'>toto</span> <span class='ocrx_word' id='word_1_18' title='bbox 502 642 576 689; x_wconf 85' lang='lat' dir='ltr'>multa</span> <span class='ocrx_word' id='word_1_19' title='bbox 592 637 674 702; x_wconf 86' lang='lat' dir='ltr'>jacere</span> <span class='ocrx_word' id='word_1_20' title='bbox 690 648 756 687; x_wconf 86' lang='lat' dir='ltr'>toro.</span> 
     </span>
     <span class='ocr_line' id='line_1_4' title="bbox 222 710 967 779; baseline 0 -16"><span class='ocrx_word' id='word_1_21' title='bbox 222 712 282 763; x_wconf 79' lang='lat' dir='ltr'>Haec</span> <span class='ocrx_word' id='word_1_22' title='bbox 298 714 384 764; x_wconf 83' lang='lat' dir='ltr'>habilis</span> <span class='ocrx_word' id='word_1_23' title='bbox 398 715 517 763; x_wconf 85' lang='lat' dir='ltr'>brevitate</span> <span class='ocrx_word' id='word_1_24' title='bbox 534 711 574 761; x_wconf 72' lang='lat' dir='ltr'>sul</span> <span class='ocrx_word' id='word_1_25' title='bbox 589 726 596 759; x_wconf 92' lang='lat'><strong>:</strong></span> <span class='ocrx_word' id='word_1_26' title='bbox 614 726 756 774; x_wconf 83' lang='lat' dir='ltr'>corrumpor</span> <span class='ocrx_word' id='word_1_27' title='bbox 771 710 893 777; x_wconf 71' lang='lat' dir='ltr'>utrdquez</span> <span class='ocrx_word' id='word_1_28' title='bbox 935 726 967 779; x_wconf 84' lang='lat'>35</span> 
     </span>
     <span class='ocr_line' id='line_1_5' title="bbox 256 783 803 849; baseline -0.004 -14"><span class='ocrx_word' id='word_1_29' title='bbox 256 786 414 839; x_wconf 85' lang='lat' dir='ltr'>Conveniunt</span> <span class='ocrx_word' id='word_1_30' title='bbox 429 798 490 835; x_wconf 90' lang='lat' dir='ltr'>voto</span> <span class='ocrx_word' id='word_1_31' title='bbox 505 786 578 849; x_wconf 87' lang='lat' dir='ltr'>longa</span> <span class='ocrx_word' id='word_1_32' title='bbox 592 783 721 848; x_wconf 72' lang='lat' dir='ltr'>brevisque</span> <span class='ocrx_word' id='word_1_33' title='bbox 738 800 803 833; x_wconf 84' lang='lat' dir='ltr'>meo.</span> 
     </span>
     <span class='ocr_line' id='line_1_6' title="bbox 222 855 907 922; baseline -0.003 -14"><span class='ocrx_word' id='word_1_34' title='bbox 222 858 279 908; x_wconf 89' lang='lat' dir='ltr'>Non</span> <span class='ocrx_word' id='word_1_35' title='bbox 294 858 327 912; x_wconf 81' lang='lat' dir='ltr'>est</span> <span class='ocrx_word' id='word_1_36' title='bbox 346 860 432 915; x_wconf 79' lang='lat' dir='ltr'>culta3</span> <span class='ocrx_word' id='word_1_37' title='bbox 452 857 512 905; x_wconf 83' lang='lat' dir='ltr'>subit</span> <span class='ocrx_word' id='word_1_38' title='bbox 526 857 581 921; x_wconf 84' lang='lat' dir='ltr'>quid</span> <span class='ocrx_word' id='word_1_39' title='bbox 598 857 669 905; x_wconf 87' lang='lat' dir='ltr'>cultae</span> <span class='ocrx_word' id='word_1_40' title='bbox 685 855 804 906; x_wconf 82' lang='lat' dir='ltr'>accedere</span> <span class='ocrx_word' id='word_1_41' title='bbox 821 857 907 922; x_wconf 78' lang='lat' dir='ltr'>possit.</span> 
     </span>
     <span class='ocr_line' id='line_1_7' title="bbox 256 927 755 987; baseline -0.006 -5"><span class='ocrx_word' id='word_1_42' title='bbox 256 930 353 982; x_wconf 81' lang='lat' dir='ltr'>Ornata</span> <span class='ocrx_word' id='word_1_43' title='bbox 369 930 421 987; x_wconf 80' lang='lat' dir='ltr'>est3</span> <span class='ocrx_word' id='word_1_44' title='bbox 438 930 507 977; x_wconf 83' lang='lat' dir='ltr'>dotes</span> <span class='ocrx_word' id='word_1_45' title='bbox 524 927 622 977; x_wconf 81' lang='lat' dir='ltr'>exhibet</span> <span class='ocrx_word' id='word_1_46' title='bbox 637 928 677 976; x_wconf 88' lang='lat' dir='ltr'>illa</span> <span class='ocrx_word' id='word_1_47' title='bbox 693 927 755 979; x_wconf 82' lang='lat' dir='ltr'>suas.</span> 
     </span>
     <span class='ocr_line' id='line_1_8' title="bbox 223 1000 844 1066; baseline 0.002 -13"><span class='ocrx_word' id='word_1_48' title='bbox 223 1003 330 1054; x_wconf 83' lang='lat' dir='ltr'>candida</span> <span class='ocrx_word' id='word_1_49' title='bbox 346 1019 385 1053; x_wconf 86' lang='lat' dir='ltr'>rne</span> <span class='ocrx_word' id='word_1_50' title='bbox 401 1001 502 1066; x_wconf 78' lang='lat' dir='ltr'>capiet:</span> <span class='ocrx_word' id='word_1_51' title='bbox 520 1001 599 1065; x_wconf 82' lang='lat' dir='ltr'>capiet</span> <span class='ocrx_word' id='word_1_52' title='bbox 614 1016 652 1049; x_wconf 87' lang='lat' dir='ltr'>me</span> <span class='ocrx_word' id='word_1_53' title='bbox 668 1000 729 1050; x_wconf 84' lang='lat' dir='ltr'>flava</span> <span class='ocrx_word' id='word_1_54' title='bbox 744 1002 844 1066; x_wconf 64' lang='lat' dir='ltr'>puellae</span> 
     </span>
     <span class='ocr_line' id='line_1_9' title="bbox 254 1073 972 1140; baseline -0.007 -14"><span class='ocrx_word' id='word_1_55' title='bbox 254 1076 295 1126; x_wconf 84' lang='lat' dir='ltr'>Est</span> <span class='ocrx_word' id='word_1_56' title='bbox 313 1075 387 1125; x_wconf 83' lang='lat' dir='ltr'>etiam</span> <span class='ocrx_word' id='word_1_57' title='bbox 402 1074 468 1127; x_wconf 82' lang='lat' dir='ltr'>fusco</span> <span class='ocrx_word' id='word_1_58' title='bbox 485 1085 551 1140; x_wconf 83' lang='lat' dir='ltr'>grata</span> <span class='ocrx_word' id='word_1_59' title='bbox 568 1073 653 1129; x_wconf 70' lang='lat' dir='ltr'>colore</span> <span class='ocrx_word' id='word_1_60' title='bbox 667 1074 762 1126; x_wconf 84' lang='lat' dir='ltr'>Venus.</span> <span class='ocrx_word' id='word_1_61' title='bbox 935 1090 972 1138; x_wconf 77' lang='lat'>⁴0</span> 
     </span>
     <span class='ocr_line' id='line_1_10' title="bbox 223 1145 775 1214; baseline -0.004 -16"><span class='ocrx_word' id='word_1_62' title='bbox 223 1148 267 1199; x_wconf 83' lang='lat' dir='ltr'>Seu</span> <span class='ocrx_word' id='word_1_63' title='bbox 282 1148 391 1214; x_wconf 87' lang='lat' dir='ltr'>pendent</span> <span class='ocrx_word' id='word_1_64' title='bbox 404 1145 475 1197; x_wconf 63' lang='lat' dir='ltr'>nivel</span> <span class='ocrx_word' id='word_1_65' title='bbox 489 1147 547 1212; x_wconf 87' lang='lat' dir='ltr'>pulli</span> <span class='ocrx_word' id='word_1_66' title='bbox 562 1146 659 1197; x_wconf 84' lang='lat' dir='ltr'>cervice</span> <span class='ocrx_word' id='word_1_67' title='bbox 673 1147 775 1211; x_wconf 79' lang='lat' dir='ltr'>capilli;</span> 
     </span>
     <span class='ocr_line' id='line_1_11' title="bbox 254 1218 751 1287; baseline -0.004 -16"><span class='ocrx_word' id='word_1_68' title='bbox 254 1221 321 1271; x_wconf 83' lang='lat' dir='ltr'>Leda</span> <span class='ocrx_word' id='word_1_69' title='bbox 336 1221 382 1270; x_wconf 90' lang='lat' dir='ltr'>fuit</span> <span class='ocrx_word' id='word_1_70' title='bbox 396 1218 463 1287; x_wconf 67' lang='lat' dir='ltr'>nigrd</span> <span class='ocrx_word' id='word_1_71' title='bbox 480 1219 648 1285; x_wconf 86' lang='lat' dir='ltr'>conspicienda</span> <span class='ocrx_word' id='word_1_72' title='bbox 663 1218 751 1269; x_wconf 66' lang='lat' dir='ltr'>corni:</span> 
     </span>
     <span class='ocr_line' id='line_1_12' title="bbox 223 1290 843 1358; baseline 0.006 -15"><span class='ocrx_word' id='word_1_73' title='bbox 223 1291 267 1344; x_wconf 79' lang='lat' dir='ltr'>Seu</span> <span class='ocrx_word' id='word_1_74' title='bbox 282 1294 392 1352; x_wconf 79' lang='lat' dir='ltr'>flavent3</span> <span class='ocrx_word' id='word_1_75' title='bbox 413 1292 504 1358; x_wconf 81' lang='lat' dir='ltr'>placuit</span> <span class='ocrx_word' id='word_1_76' title='bbox 520 1291 614 1340; x_wconf 86' lang='lat' dir='ltr'>croceis</span> <span class='ocrx_word' id='word_1_77' title='bbox 629 1290 724 1341; x_wconf 81' lang='lat' dir='ltr'>Aurora</span> <span class='ocrx_word' id='word_1_78' title='bbox 741 1292 843 1358; x_wconf 76' lang='lat' dir='ltr'>capillis.</span> 
     </span>
     <span class='ocr_line' id='line_1_13' title="bbox 257 1364 790 1427; baseline -0.006 -11"><span class='ocrx_word' id='word_1_79' title='bbox 257 1365 376 1417; x_wconf 83' lang='lat' dir='ltr'>Omnibus</span> <span class='ocrx_word' id='word_1_80' title='bbox 392 1364 493 1414; x_wconf 80' lang='lat' dir='ltr'>historiis</span> <span class='ocrx_word' id='word_1_81' title='bbox 510 1364 534 1412; x_wconf 92' lang='lat' dir='ltr'>se</span> <span class='ocrx_word' id='word_1_82' title='bbox 551 1379 618 1412; x_wconf 85' lang='lat' dir='ltr'>meus</span> <span class='ocrx_word' id='word_1_83' title='bbox 633 1375 699 1427; x_wconf 86' lang='lat' dir='ltr'>aptat</span> <span class='ocrx_word' id='word_1_84' title='bbox 714 1379 790 1413; x_wconf 86' lang='lat' dir='ltr'>amor.</span> 
     </span>
     <span class='ocr_line' id='line_1_14' title="bbox 222 1435 968 1502; baseline -0.003 -14"><span class='ocrx_word' id='word_1_85' title='bbox 222 1436 264 1488; x_wconf 87' lang='lat' dir='ltr'>Me</span> <span class='ocrx_word' id='word_1_86' title='bbox 280 1455 344 1488; x_wconf 83' lang='lat' dir='ltr'>nova</span> <span class='ocrx_word' id='word_1_87' title='bbox 361 1439 483 1496; x_wconf 83' lang='lat' dir='ltr'>solicitat,</span> <span class='ocrx_word' id='word_1_88' title='bbox 499 1453 538 1486; x_wconf 80' lang='lat' dir='ltr'>tne</span> <span class='ocrx_word' id='word_1_89' title='bbox 555 1435 633 1502; x_wconf 82' lang='lat' dir='ltr'>tangit</span> <span class='ocrx_word' id='word_1_90' title='bbox 648 1435 725 1483; x_wconf 88' lang='lat' dir='ltr'>serior</span> <span class='ocrx_word' id='word_1_91' title='bbox 741 1446 818 1487; x_wconf 81' lang='lat' dir='ltr'>aetas:</span> <span class='ocrx_word' id='word_1_92' title='bbox 933 1452 968 1502; x_wconf 78' lang='lat'>45</span> 
     </span>
     <span class='ocr_line' id='line_1_15' title="bbox 201 1507 818 1576; baseline -0.005 -16"><span class='ocrx_word' id='word_1_93' title='bbox 201 1564 204 1569; x_wconf 19' lang='grc' dir='ltr'><strong>Δ</strong></span> <span class='ocrx_word' id='word_1_94' title='bbox 255 1510 314 1560; x_wconf 72' lang='lat' dir='ltr'>Haec</span> <span class='ocrx_word' id='word_1_95' title='bbox 333 1512 418 1561; x_wconf 87' lang='lat' dir='ltr'>melior</span> <span class='ocrx_word' id='word_1_96' title='bbox 433 1510 532 1576; x_wconf 86' lang='lat' dir='ltr'>specie,</span> <span class='ocrx_word' id='word_1_97' title='bbox 548 1509 656 1558; x_wconf 80' lang='lat' dir='ltr'>moribus</span> <span class='ocrx_word' id='word_1_98' title='bbox 670 1507 711 1556; x_wconf 88' lang='lat' dir='ltr'>illa</span> <span class='ocrx_word' id='word_1_99' title='bbox 728 1508 818 1572; x_wconf 80' lang='lat' dir='ltr'>placet.</span> 
     </span>
     <span class='ocr_line' id='line_1_16' title="bbox 222 1580 934 1650; baseline -0.001 -17"><span class='ocrx_word' id='word_1_100' title='bbox 222 1581 333 1649; x_wconf 85' lang='lat' dir='ltr'>Denique</span> <span class='ocrx_word' id='word_1_101' title='bbox 350 1602 408 1650; x_wconf 88' lang='lat' dir='ltr'>quas</span> <span class='ocrx_word' id='word_1_102' title='bbox 423 1582 475 1633; x_wconf 70' lang='lat' dir='ltr'>totl</span> <span class='ocrx_word' id='word_1_103' title='bbox 493 1583 616 1648; x_wconf 82' lang='lat' dir='ltr'>qnisquam</span> <span class='ocrx_word' id='word_1_104' title='bbox 633 1582 721 1645; x_wconf 88' lang='lat' dir='ltr'>probet</span> <span class='ocrx_word' id='word_1_105' title='bbox 737 1580 805 1629; x_wconf 85' lang='lat' dir='ltr'>Urbe</span> <span class='ocrx_word' id='word_1_106' title='bbox 820 1582 934 1647; x_wconf 76' lang='lat' dir='ltr'>puellas,</span> 
     </span>
     <span class='ocr_line' id='line_1_17' title="bbox 253 1653 780 1713; baseline -0.008 -6"><span class='ocrx_word' id='word_1_107' title='bbox 253 1656 340 1707; x_wconf 85' lang='lat' dir='ltr'>Noster</span> <span class='ocrx_word' id='word_1_108' title='bbox 357 1658 382 1707; x_wconf 89' lang='lat' dir='ltr'>in</span> <span class='ocrx_word' id='word_1_109' title='bbox 397 1658 440 1708; x_wconf 84' lang='lat' dir='ltr'>has</span> <span class='ocrx_word' id='word_1_110' title='bbox 455 1671 538 1706; x_wconf 85' lang='lat' dir='ltr'>omnes</span> <span class='ocrx_word' id='word_1_111' title='bbox 554 1653 688 1713; x_wconf 83' lang='lat' dir='ltr'>ambitiosus</span> <span class='ocrx_word' id='word_1_112' title='bbox 703 1669 780 1703; x_wconf 84' lang='lat' dir='ltr'>amor.</span> 
     </span>
    </p>
   </div>
   <div class='ocr_carea' id='block_1_3' title="bbox 249 1760 894 1834">
    <p class='ocr_par' dir='ltr' id='par_1_3' title="bbox 249 1760 894 1834">
     <span class='ocr_line' id='line_1_18' title="bbox 249 1760 894 1834; baseline 0 -8"><span class='ocrx_word' id='word_1_113' title='bbox 249 1760 894 1834; x_wconf 55' lang='lat' dir='ltr'>c---—--a„”⁰f==—---·=»</span> 
     </span>
    </p>
   </div>
   <div class='ocr_carea' id='block_1_4' title="bbox 401 1884 741 1949">
    <p class='ocr_par' dir='ltr' id='par_1_4' title="bbox 401 1884 741 1949">
     <span class='ocr_line' id='line_1_19' title="bbox 401 1884 741 1949; baseline 0.006 -4"><span class='ocrx_word' id='word_1_114' title='bbox 401 1884 654 1949; x_wconf 85' lang='lat' dir='ltr'><strong>ELEGIA</strong></span> <span class='ocrx_word' id='word_1_115' title='bbox 698 1886 741 1948; x_wconf 86' lang='lat' dir='ltr'>V.</span> 
     </span>
    </p>
   </div>
   <div class='ocr_carea' id='block_1_5' title="bbox 203 1975 1040 3124">
    <p class='ocr_par' dir='ltr' id='par_1_5' title="bbox 219 1975 984 2167">
     <span class='ocr_line' id='line_1_20' title="bbox 219 1975 984 2112; baseline 0.001 -20"><span class='ocrx_word' id='word_1_116' title='bbox 219 1975 281 2093; x_wconf 73' lang='lat' dir='ltr'>N</span> <span class='ocrx_word' id='word_1_117' title='bbox 288 2055 381 2093; x_wconf 73' lang='lat' dir='ltr'>uuus</span> <span class='ocrx_word' id='word_1_118' title='bbox 392 2060 460 2094; x_wconf 80' lang='lat' dir='ltr'>antor</span> <span class='ocrx_word' id='word_1_119' title='bbox 469 2045 531 2095; x_wconf 88' lang='lat' dir='ltr'>tanti</span> <span class='ocrx_word' id='word_1_120' title='bbox 540 2044 588 2104; x_wconf 82' lang='lat' dir='ltr'>est,</span> <span class='ocrx_word' id='word_1_121' title='bbox 601 2043 691 2109; x_wconf 82' lang='lat' dir='ltr'>(abeas</span> <span class='ocrx_word' id='word_1_122' title='bbox 701 2078 709 2103; x_wconf 89' lang='lat'>,</span> <span class='ocrx_word' id='word_1_123' title='bbox 719 2044 857 2111; x_wconf 80' lang='lat' dir='ltr'>pharetrate</span> <span class='ocrx_word' id='word_1_124' title='bbox 865 2041 984 2112; x_wconf 87' lang='lat' dir='ltr'>Cupido‚)</span> 
     </span>
     <span class='ocr_line' id='line_1_21' title="bbox 252 2115 793 2167; baseline 0 -2"><span class='ocrx_word' id='word_1_125' title='bbox 252 2115 287 2165; x_wconf 92' lang='lat' dir='ltr'>Ut</span> <span class='ocrx_word' id='word_1_126' title='bbox 301 2117 357 2165; x_wconf 90' lang='lat' dir='ltr'>mihi</span> <span class='ocrx_word' id='word_1_127' title='bbox 374 2117 422 2166; x_wconf 89' lang='lat' dir='ltr'>sint</span> <span class='ocrx_word' id='word_1_128' title='bbox 438 2119 513 2167; x_wconf 85' lang='lat' dir='ltr'>toties</span> <span class='ocrx_word' id='word_1_129' title='bbox 530 2120 631 2165; x_wconf 84' lang='lat' dir='ltr'>maxima</span> <span class='ocrx_word' id='word_1_130' title='bbox 647 2129 706 2165; x_wconf 86' lang='lat' dir='ltr'>vota</span> <span class='ocrx_word' id='word_1_131' title='bbox 722 2117 793 2165; x_wconf 84' lang='lat' dir='ltr'>mori.</span> 
     </span>
    </p>

    <p class='ocr_par' dir='ltr' id='par_1_6' title="bbox 203 2164 913 2325">
     <span class='ocr_line' id='line_1_22' title="bbox 203 2164 913 2253; baseline -0.001 -15"><span class='ocrx_word' id='word_1_132' title='bbox 203 2164 281 2238; x_wconf 55' lang='lat' dir='ltr'>¹Vntn</span> <span class='ocrx_word' id='word_1_133' title='bbox 298 2188 360 2238; x_wconf 88' lang='lat' dir='ltr'>mori</span> <span class='ocrx_word' id='word_1_134' title='bbox 374 2205 428 2239; x_wconf 87' lang='lat' dir='ltr'>mea</span> <span class='ocrx_word' id='word_1_135' title='bbox 445 2189 519 2246; x_wconf 87' lang='lat' dir='ltr'>sunt,</span> <span class='ocrx_word' id='word_1_136' title='bbox 539 2186 593 2236; x_wconf 74' lang='lat' dir='ltr'>clam</span> <span class='ocrx_word' id='word_1_137' title='bbox 609 2201 635 2236; x_wconf 86' lang='lat' dir='ltr'>te</span> <span class='ocrx_word' id='word_1_138' title='bbox 652 2187 760 2253; x_wconf 82' lang='lat' dir='ltr'>peccalse</span> <span class='ocrx_word' id='word_1_139' title='bbox 777 2187 913 2247; x_wconf 88' lang='lat' dir='ltr'>recordor,</span> 
     </span>
     <span class='ocr_line' id='line_1_23' title="bbox 252 2259 850 2325; baseline -0.002 -16"><span class='ocrx_word' id='word_1_140' title='bbox 252 2260 300 2309; x_wconf 87' lang='lat' dir='ltr'>Hei</span> <span class='ocrx_word' id='word_1_141' title='bbox 317 2262 374 2309; x_wconf 86' lang='lat' dir='ltr'>mihi</span> <span class='ocrx_word' id='word_1_142' title='bbox 392 2259 397 2308; x_wconf 91' lang='lat'>!</span> <span class='ocrx_word' id='word_1_143' title='bbox 416 2272 560 2325; x_wconf 85' lang='lat' dir='ltr'>perpetuum</span> <span class='ocrx_word' id='word_1_144' title='bbox 575 2271 631 2308; x_wconf 85' lang='lat' dir='ltr'>nata</span> <span class='ocrx_word' id='word_1_145' title='bbox 648 2260 728 2323; x_wconf 84' lang='lat' dir='ltr'>puella</span> <span class='ocrx_word' id='word_1_146' title='bbox 743 2259 850 2308; x_wconf 80' lang='lat' dir='ltr'>malurn!</span> 
     </span>
    </p>

    <p class='ocr_par' dir='ltr' id='par_1_7' title="bbox 218 2331 948 2455">
     <span class='ocr_line' id='line_1_24' title="bbox 218 2331 948 2395; baseline -0.001 -13"><span class='ocrx_word' id='word_1_147' title='bbox 218 2331 273 2382; x_wconf 89' lang='lat' dir='ltr'>Non</span> <span class='ocrx_word' id='word_1_148' title='bbox 287 2335 344 2386; x_wconf 83' lang='lat' dir='ltr'>mihi</span> <span class='ocrx_word' id='word_1_149' title='bbox 362 2333 449 2383; x_wconf 72' lang='lat' dir='ltr'>delete</span> <span class='ocrx_word' id='word_1_150' title='bbox 466 2332 556 2382; x_wconf 91' lang='lat' dir='ltr'>nudant</span> <span class='ocrx_word' id='word_1_151' title='bbox 571 2344 612 2381; x_wconf 90' lang='lat' dir='ltr'>tua</span> <span class='ocrx_word' id='word_1_152' title='bbox 629 2331 690 2381; x_wconf 73' lang='lat' dir='ltr'>fadla</span> <span class='ocrx_word' id='word_1_153' title='bbox 706 2332 821 2381; x_wconf 80' lang='lat' dir='ltr'>tabellae:</span> <span class='ocrx_word' id='word_1_154' title='bbox 934 2348 948 2395; x_wconf 92' lang='lat'>5</span> 
     </span>
     <span class='ocr_line' id='line_1_25' title="bbox 251 2405 814 2455; baseline 0 -1"><span class='ocrx_word' id='word_1_155' title='bbox 251 2406 308 2455; x_wconf 93' lang='lat' dir='ltr'>Non</span> <span class='ocrx_word' id='word_1_156' title='bbox 324 2406 379 2455; x_wconf 82' lang='lat' dir='ltr'>data</span> <span class='ocrx_word' id='word_1_157' title='bbox 393 2405 482 2455; x_wconf 63' lang='lat' dir='ltr'>furtivd</span> <span class='ocrx_word' id='word_1_158' title='bbox 498 2422 596 2455; x_wconf 84' lang='lat' dir='ltr'>munera</span> <span class='ocrx_word' id='word_1_159' title='bbox 610 2405 699 2454; x_wconf 88' lang='lat' dir='ltr'>crimen</span> <span class='ocrx_word' id='word_1_160' title='bbox 713 2405 814 2455; x_wconf 86' lang='lat' dir='ltr'>habent.</span> 
     </span>
    </p>

    <p class='ocr_par' dir='ltr' id='par_1_8' title="bbox 215 2475 1040 2619">
     <span class='ocr_line' id='line_1_26' title="bbox 215 2475 935 2546; baseline 0.004 -21"><span class='ocrx_word' id='word_1_161' title='bbox 215 2475 240 2526; x_wconf 90' lang='lat'>0</span> <span class='ocrx_word' id='word_1_162' title='bbox 257 2476 263 2525; x_wconf 90' lang='lat'>!</span> <span class='ocrx_word' id='word_1_163' title='bbox 283 2478 372 2527; x_wconf 86' lang='lat' dir='ltr'>utinam</span> <span class='ocrx_word' id='word_1_164' title='bbox 388 2496 515 2546; x_wconf 84' lang='lat' dir='ltr'>arguerem</span> <span class='ocrx_word' id='word_1_165' title='bbox 530 2478 566 2529; x_wconf 81' lang='lat' dir='ltr'>sic</span> <span class='ocrx_word' id='word_1_166' title='bbox 577 2490 588 2537; x_wconf 86' lang='lat'>,&#39;</span> <span class='ocrx_word' id='word_1_167' title='bbox 605 2490 697 2528; x_wconf 88' lang='lat' dir='ltr'>utnon</span> <span class='ocrx_word' id='word_1_168' title='bbox 713 2479 811 2528; x_wconf 78' lang='lat' dir='ltr'>vincere</span> <span class='ocrx_word' id='word_1_169' title='bbox 827 2478 935 2543; x_wconf 85' lang='lat' dir='ltr'>possent!</span> 
     </span>
     <span class='ocr_line' id='line_1_27' title="bbox 250 2550 1040 2619; baseline 0.004 -21"><span class='ocrx_word' id='word_1_170' title='bbox 250 2550 296 2598; x_wconf 89' lang='lat' dir='ltr'>Me</span> <span class='ocrx_word' id='word_1_171' title='bbox 313 2551 421 2600; x_wconf 87' lang='lat' dir='ltr'>miserum</span> <span class='ocrx_word' id='word_1_172' title='bbox 442 2552 448 2602; x_wconf 91' lang='lat'>!</span> <span class='ocrx_word' id='word_1_173' title='bbox 465 2568 538 2619; x_wconf 85' lang='lat' dir='ltr'>quare</span> <span class='ocrx_word' id='word_1_174' title='bbox 555 2564 604 2601; x_wconf 83' lang='lat' dir='ltr'>tam</span> <span class='ocrx_word' id='word_1_175' title='bbox 622 2552 685 2601; x_wconf 89' lang='lat' dir='ltr'>bona</span> <span class='ocrx_word' id='word_1_176' title='bbox 702 2551 770 2601; x_wconf 85' lang='lat' dir='ltr'>causa</span> <span class='ocrx_word' id='word_1_177' title='bbox 785 2568 839 2601; x_wconf 88' lang='lat' dir='ltr'>mea</span> <span class='ocrx_word' id='word_1_178' title='bbox 856 2550 911 2610; x_wconf 79' lang='lat' dir='ltr'>est?</span> <span class='ocrx_word' id='word_1_179' title='bbox 975 2603 977 2607; x_wconf 77' lang='grc'>,</span> <span class='ocrx_word' id='word_1_180' title='bbox 1036 2588 1040 2596; x_wconf 77' lang='grc'>.</span> 
     </span>
    </p>

    <p class='ocr_par' dir='ltr' id='par_1_9' title="bbox 214 2622 965 2762">
     <span class='ocr_line' id='line_1_28' title="bbox 214 2622 912 2689; baseline 0 -15"><span class='ocrx_word' id='word_1_181' title='bbox 214 2622 301 2680; x_wconf 80' lang='lat' dir='ltr'>Felix,</span> <span class='ocrx_word' id='word_1_182' title='bbox 321 2625 361 2688; x_wconf 91' lang='lat' dir='ltr'>qui</span> <span class='ocrx_word' id='word_1_183' title='bbox 375 2625 439 2689; x_wconf 83' lang='lat' dir='ltr'>quod</span> <span class='ocrx_word' id='word_1_184' title='bbox 456 2637 537 2684; x_wconf 86' lang='lat' dir='ltr'>amat,</span> <span class='ocrx_word' id='word_1_185' title='bbox 557 2624 689 2674; x_wconf 85' lang='lat' dir='ltr'>defendere</span> <span class='ocrx_word' id='word_1_186' title='bbox 705 2626 801 2674; x_wconf 88' lang='lat' dir='ltr'>fortiter</span> <span class='ocrx_word' id='word_1_187' title='bbox 818 2625 912 2676; x_wconf 86' lang='lat' dir='ltr'>audet:</span> 
     </span>
     <span class='ocr_line' id='line_1_29' title="bbox 251 2694 965 2762; baseline 0.004 -18"><span class='ocrx_word' id='word_1_188' title='bbox 251 2694 297 2744; x_wconf 87' lang='lat' dir='ltr'>Cui</span> <span class='ocrx_word' id='word_1_189' title='bbox 315 2695 371 2753; x_wconf 82' lang='lat' dir='ltr'>lua,</span> <span class='ocrx_word' id='word_1_190' title='bbox 390 2698 446 2746; x_wconf 90' lang='lat' dir='ltr'>Non</span> <span class='ocrx_word' id='word_1_191' title='bbox 461 2698 527 2753; x_wconf 85' lang='lat' dir='ltr'>feci,</span> <span class='ocrx_word' id='word_1_192' title='bbox 546 2698 627 2747; x_wconf 86' lang='lat' dir='ltr'>dicere</span> <span class='ocrx_word' id='word_1_193' title='bbox 642 2698 717 2747; x_wconf 82' lang='lat' dir='ltr'>amica</span> <span class='ocrx_word' id='word_1_194' title='bbox 732 2696 819 2762; x_wconf 87' lang='lat' dir='ltr'>potest.</span> <span class='ocrx_word' id='word_1_195' title='bbox 933 2712 965 2747; x_wconf 90' lang='lat'>10</span> 
     </span>
    </p>

    <p class='ocr_par' dir='ltr' id='par_1_10' title="bbox 214 2767 858 2908">
     <span class='ocr_line' id='line_1_30' title="bbox 214 2767 858 2836; baseline -0.002 -19"><span class='ocrx_word' id='word_1_196' title='bbox 214 2767 318 2817; x_wconf 80' lang='lat' dir='ltr'>Ferreus</span> <span class='ocrx_word' id='word_1_197' title='bbox 334 2767 385 2824; x_wconf 82' lang='lat' dir='ltr'>est,</span> <span class='ocrx_word' id='word_1_198' title='bbox 403 2770 546 2836; x_wconf 84' lang='lat' dir='ltr'>nimiumque</span> <span class='ocrx_word' id='word_1_199' title='bbox 561 2771 603 2820; x_wconf 88' lang='lat' dir='ltr'>sno</span> <span class='ocrx_word' id='word_1_200' title='bbox 619 2772 686 2820; x_wconf 84' lang='lat' dir='ltr'>favet</span> <span class='ocrx_word' id='word_1_201' title='bbox 702 2770 744 2818; x_wconf 89' lang='lat' dir='ltr'>ille</span> <span class='ocrx_word' id='word_1_202' title='bbox 759 2768 858 2828; x_wconf 81' lang='lat' dir='ltr'>dolori,</span> 
     </span>
     <span class='ocr_line' id='line_1_31' title="bbox 251 2840 751 2908; baseline 0.002 -20"><span class='ocrx_word' id='word_1_203' title='bbox 251 2840 297 2889; x_wconf 89' lang='lat' dir='ltr'>Cui</span> <span class='ocrx_word' id='word_1_204' title='bbox 312 2840 403 2903; x_wconf 87' lang='lat' dir='ltr'>petitur</span> <span class='ocrx_word' id='word_1_205' title='bbox 417 2842 477 2891; x_wconf 64' lang='lat' dir='ltr'>vitta</span> <span class='ocrx_word' id='word_1_206' title='bbox 491 2844 568 2908; x_wconf 83' lang='lat' dir='ltr'>palma</span> <span class='ocrx_word' id='word_1_207' title='bbox 584 2854 685 2893; x_wconf 86' lang='lat' dir='ltr'>cruenta</span> <span class='ocrx_word' id='word_1_208' title='bbox 699 2840 751 2890; x_wconf 69' lang='lat' dir='ltr'>red.</span> 
     </span>
    </p>

    <p class='ocr_par' dir='ltr' id='par_1_11' title="bbox 213 2911 812 3051">
     <span class='ocr_line' id='line_1_32' title="bbox 213 2911 812 2979; baseline 0.003 -18"><span class='ocrx_word' id='word_1_209' title='bbox 213 2911 266 2975; x_wconf 78' lang='lat' dir='ltr'>lpse</span> <span class='ocrx_word' id='word_1_210' title='bbox 281 2913 351 2962; x_wconf 82' lang='lat' dir='ltr'>miser</span> <span class='ocrx_word' id='word_1_211' title='bbox 365 2913 433 2972; x_wconf 81' lang='lat' dir='ltr'>vidi,</span> <span class='ocrx_word' id='word_1_212' title='bbox 453 2914 506 2964; x_wconf 78' lang='lat' dir='ltr'>crim</span> <span class='ocrx_word' id='word_1_213' title='bbox 520 2932 558 2964; x_wconf 86' lang='lat' dir='ltr'>me</span> <span class='ocrx_word' id='word_1_214' title='bbox 574 2915 677 2965; x_wconf 85' lang='lat' dir='ltr'>dormire</span> <span class='ocrx_word' id='word_1_215' title='bbox 692 2925 812 2979; x_wconf 78' lang='lat' dir='ltr'>putares,</span> 
     </span>
     <span class='ocr_line' id='line_1_33' title="bbox 251 2984 772 3051; baseline 0.004 -19"><span class='ocrx_word' id='word_1_216' title='bbox 251 2984 348 3035; x_wconf 82' lang='lat' dir='ltr'>Sobrius</span> <span class='ocrx_word' id='word_1_217' title='bbox 364 2988 475 3051; x_wconf 83' lang='lat' dir='ltr'>apposito</span> <span class='ocrx_word' id='word_1_218' title='bbox 490 2989 587 3037; x_wconf 84' lang='lat' dir='ltr'>crimina</span> <span class='ocrx_word' id='word_1_219' title='bbox 602 2987 678 3037; x_wconf 74' lang='lat' dir='ltr'>vestra</span> <span class='ocrx_word' id='word_1_220' title='bbox 695 3003 772 3035; x_wconf 86' lang='lat' dir='ltr'>mero.</span> 
     </span>
    </p>

    <p class='ocr_par' dir='ltr' id='par_1_12' title="bbox 214 3054 960 3124">
     <span class='ocr_line' id='line_1_34' title="bbox 214 3054 960 3124; baseline 0.005 -17"><span class='ocrx_word' id='word_1_221' title='bbox 214 3054 295 3107; x_wconf 81' lang='lat' dir='ltr'>Multa</span> <span class='ocrx_word' id='word_1_222' title='bbox 308 3057 433 3123; x_wconf 87' lang='lat' dir='ltr'>supercilio</span> <span class='ocrx_word' id='word_1_223' title='bbox 448 3060 496 3109; x_wconf 92' lang='lat' dir='ltr'>vidi</span> <span class='ocrx_word' id='word_1_224' title='bbox 510 3062 619 3109; x_wconf 82' lang='lat' dir='ltr'>vibrante</span> <span class='ocrx_word' id='word_1_225' title='bbox 633 3062 781 3124; x_wconf 83' lang='lat' dir='ltr'>loquentes:</span> <span class='ocrx_word' id='word_1_226' title='bbox 931 3076 960 3123; x_wconf 85' lang='lat'>15</span> 
     </span>
    </p>
   </div>
   <div class='ocr_carea' id='block_1_6' title="bbox 188 3128 873 3269">
    <p class='ocr_par' dir='ltr' id='par_1_13' title="bbox 188 3128 873 3269">
     <span class='ocr_line' id='line_1_35' title="bbox 188 3128 798 3199; baseline 0.007 -23"><span class='ocrx_word' id='word_1_227' title='bbox 188 3188 190 3193; x_wconf 68' lang='lat'>,</span> <span class='ocrx_word' id='word_1_228' title='bbox 251 3128 352 3183; x_wconf 82' lang='lat' dir='ltr'>Nutibus</span> <span class='ocrx_word' id='word_1_229' title='bbox 369 3130 393 3183; x_wconf 91' lang='lat' dir='ltr'>in</span> <span class='ocrx_word' id='word_1_230' title='bbox 409 3131 491 3183; x_wconf 78' lang='lat' dir='ltr'>vestris</span> <span class='ocrx_word' id='word_1_231' title='bbox 505 3148 559 3199; x_wconf 82' lang='lat' dir='ltr'>pars</span> <span class='ocrx_word' id='word_1_232' title='bbox 574 3134 639 3183; x_wconf 85' lang='lat' dir='ltr'>bona</span> <span class='ocrx_word' id='word_1_233' title='bbox 653 3132 721 3183; x_wconf 75' lang='lat' dir='ltr'>vocis</span> <span class='ocrx_word' id='word_1_234' title='bbox 737 3143 798 3182; x_wconf 83' lang='lat' dir='ltr'>erat.</span> 
     </span>
     <span class='ocr_line' id='line_1_36' title="bbox 810 3202 873 3269; baseline -0.016 -15"><span class='ocrx_word' id='word_1_235' title='bbox 810 3203 835 3254; x_wconf 88' lang='lat' dir='ltr'>G</span> <span class='ocrx_word' id='word_1_236' title='bbox 846 3202 873 3269; x_wconf 82' lang='lat' dir='ltr'>iij</span> 
     </span>
    </p>
   </div>
   <div class='ocr_carea' id='block_1_7' title="bbox 0 0 1200 3892">
    <p class='ocr_par' dir='ltr' id='par_1_14' title="bbox 0 0 1200 3892">
     <span class='ocr_line' id='line_1_37' title="bbox 0 0 1200 3892; baseline 0 1"><span class='ocrx_word' id='word_1_237' title='bbox 0 0 1200 3892; x_wconf 95' lang='lat' dir='ltr'> </span> 
     </span>
    </p>
   </div>
  </div>
 </body>
</html>
