2392 3892
168 397 174 412 ·
255 454 417 521 Lmen
443 451 523 521 III.
551 454 742 522 Eiram
773 459 814 522 V.
844 476 919 550 177

214 573 262 623 Nec
277 572 347 629 facie,
356 571 438 637 placet
452 569 491 618 illa
506 569 564 627 sud,
585 570 626 619 sed
642 588 723 620 amore
738 573 835 623 mariti:

245 646 334 695 Nescio
350 643 427 709 quid,
446 641 511 708 quod
525 654 550 692 te
568 644 679 707 ceperit,
697 644 743 693 else
760 659 854 709 putant.

213 718 264 769 Non
272 718 350 784 proba
358 716 406 773 sit,
416 722 485 781 quam
495 715 531 764 vir
542 715 635 774 servat,
648 716 688 765 sed
697 717 805 768 adultera
814 734 821 768 :
830 735 884 769 cara
894 708 943 778 ἑῆς

245 792 296 858 Ipse
312 790 387 839 timor
401 788 504 854 pretium
522 804 625 853 corpore
641 788 717 854 majus
734 791 816 841 habet.
926 807 961 858 30

214 863 338 931 Indignere
354 862 435 919 licet,
450 858 523 924 juvat'
534 860 670 911 inconcessa
686 864 809 927 voluptas.

244 938 302 987 Sola
317 935 421 1002 placet3
438 932 545 991 Timeo,
563 934 645 984 dicere
660 935 680 983 si
697 952 742 999 qua
758 934 846 1001 potest.

214 1010 263 1060 Nec
279 1005 363 1058 'tamen
379 1007 507 1074 ingenuam
520 1004 560 1072 jus
576 1006 609 1056 eil
624 1008 718 1057 servare
733 1011 857 1074 puellam:

245 1082 293 1132 Hic
310 1092 392 1131 metus
405 1092 512 1129 extetnae
529 1096 632 1145 corpora
648 1081 727 1147 gentis
743 1094 808 1148 agat.

215 1154 310 1205 Scilicet
325 1165 353 1222 nt
368 1153 445 1218 possit
460 1151 556 1212 custos,
574 1153 647 1220 Ego,
665 1154 766 1213 dicere,
784 1153 852 1214 leci,
926 1167 959 1219 35

247 1229 276 1277 ln
291 1226 386 1276 laudem
401 1224 462 1274 servi
478 1224 538 1274 casta
555 1226 586 1275 sit
602 1227 643 1275 illa
658 1228 703 1277 tui.

215 1298 322 1351 Rusticus
337 1297 373 1348 est
388 1295 504 1355 nimium,
523 1314 593 1363 quem
607 1298 672 1348 laedit
685 1300 793 1349 adultera
807 1300 919 1367 conium

248 1374 280 1423 Et
297 1383 371 1423 notos
384 1386 466 1420 mores
482 1385 532 1420 non
548 1370 603 1419 satis
620 1371 693 1420 Urbis
708 1372 783 1421 habet
794 1368 813 1422 ι’

216 1446 241 1497 ln
255 1462 302 1512 que
317 1444 462 1510 Martigena
478 1459 528 1493 non
543 1442 596 1492 sunt
612 1442 664 1493 sine
680 1444 779 1493 crimine
795 1446 865 1505 nati,

248 1518 366 1569 Romulus
382 1517 490 1574 Iliades,
509 1515 644 1581 Iliadesque
663 1515 763 1567 Remus.
925 1533 962 1580 4o

217 1591 272 1655 Qud
283 1591 332 1640 tibi
348 1588 493 1648 Formosam,
512 1589 533 1638 si
547 1606 595 1639 non
611 1588 655 1639 nisi
672 1588 733 1638 casta
746 1586 883 1655 placebat?

250 1666 307 1714 Non
322 1661 417 1730 possunt
431 1662 485 1712 ullis
500 1662 541 1711 ista
559 1662 628 1712 coire
644 1662 731 1713 modis.

218 1737 241 1788 Si
256 1737 334 1803 sapis,
354 1735 450 1801 indulge
466 1735 589 1793 dominae3
607 1736 736 1801 vultusque
752 1735 850 1787 severos

250 1810 341 1859 Exue:
359 1824 404 1857 nec
421 1808 492 1875 rigidi
507 1808 560 1875 jura
576 1819 646 1857 tuere
662 1809 717 1858 viri.

218 1882 247 1933 Et
257 1885 331 1941 cole,
341 1897 401 1949 quos
412 1880 523 1939 dederit,
535 1884 623 1932 multos
634 1881 699 1932 dabit
709 1897 789 1942 uxor,
800 1882 900 1935 amicos.
928 1900 944 1946 4
949 1898 961 1948 ς

220 2004 223 2009 .
253 1954 339 2006 Gratia
354 1955 389 2005 sic
402 1954 498 2004 minimo
513 1972 597 2023 magna
613 1956 696 2004 labore
709 1956 787 2006 venit.

219 2026 256 2078 Sic
270 2027 362 2095 poteris
375 2026 489 2093 juvenum
505 2028 615 2078 convivia
632 2026 725 2093 semper
740 2030 821 2079 inire:

232 2136 236 2143 -
251 2102 302 2160 Et,
320 2117 373 2167 quae
389 2116 440 2149 non
456 2100 551 2150 dederis
565 2132 573 2158 ,
586 2100 661 2149 multa
675 2100 759 2149 videre
776 2100 852 2150 domi.

248 2208 892 2280 «ΛΓ-*θ’

398 2326 651 2393 ntuetr
697 2302 807 2388 v.‘

260 2423 285 2467 Υ

219 2426 276 2541 :IN
290 2502 336 2539 ox
354 2502 405 2540 erat
421 2507 429 2541 t
449 2489 475 2540 δι
491 2488 585 2540 somnus
603 2486 672 2538 laffos
688 2484 794 2537 submisit
809 2486 913 2540 ocellos.

254 2563 406 2612 Terruerunt
421 2564 523 2611 animum
538 2562 595 2612 talia
611 2561 659 2610 vila
674 2577 763 2610 meum.

221 2634 290 2684 Colle
308 2635 348 2683 sub
365 2635 466 2699 aprico,
485 2634 653 2683 celeberrimus
669 2634 724 2683 ilice
742 2634 811 2682 lucus
848 2650 851 2655 ’

255 2707 360 2761 Stabat3
381 2707 444 2755 &in
460 2707 529 2755 ramis
544 2708 618 2754 multa
634 2706 724 2753 latebat
740 2704 801 2753 avis.
898 2734 900 2736 ·

221 2780 283 2831 drea
299 2777 423 2845 gramineo
437 2777 531 2826 suberat
544 2777 685 2826 viridissima
699 2787 790 2841 prato,
935 2790 950 2843 5

256 2852 336 2903 Uvida
353 2851 383 2900 de
401 2849 475 2917 guttis
491 2850 546 2900 lene
562 2848 666 2897 sonantis
682 2865 759 2914 aquae.

221 2925 272 2992 Ipse
289 2926 330 2975 sub
346 2922 453 2973 arboreis
467 2919 571 2971 vitabam
586 2920 709 2971 frondibus
725 2920 826 2982 aestum3

258 2998 352 3047 Fronde
369 2997 410 3047 sub
428 2998 528 3047 arborea
546 2994 586 3044 sed
603 3007 683 3044 tamen
699 2994 766 3045 aessus
783 3006 842 3045 erat.

223 3070 306 3127 Ecce,
323 3085 407 3136 petens
424 3071 495 3119 uariis
512 3068 630 3118 immixtas
647 3068 744 3119 floribus
761 3068 870 3128 herbas,

262 3142 370 3195 Constitit
387 3157 443 3195 ante
460 3146 545 3195 oculos
563 3140 663 3193 cindida
676 3158 751 3193 vacca
766 3159 842 3193 meos.
939 3158 972 3193 ro

828 3214 855 3265 Η
866 3231 882 3263 a
