2392 3892
224 461 270 533 88
316 449 362 526 P.
390 458 578 530 Orrnrr
605 458 832 527 Nisours

228 579 294 645 Quid
309 577 416 629 Priamus
433 580 463 629 de
479 597 537 638 me,
554 577 642 629 Priami
660 578 717 643 quid
733 579 822 629 sentiet
839 595 897 629 uxor
906 594 915 637 ;

263 653 363 719 Totque
377 654 413 702 tui
429 653 533 711 iratres,
553 652 756 716 Dardanidesque
771 651 867 702 nurus?

225 724 266 777 Tu
285 742 401 793 quoque,
424 724 468 791 qui·
479 725 570 790 poteris
585 725 631 774 tibi
648 739 688 773 me
705 724 809 789 sperare·
819 724 928 784 fidelem,

263 799 295 849 Et
309 814 359 848 non
377 798 492 862 exemplis
509 798 593 847 anxius
611 795 658 847 effe
674 798 722 846 tuis
737 795 748 845 ἓ

164 884 216 935 215
228 871 382 938 Quicumque
395 872 483 921 Iliacos
497 869 624 920 intraverit
641 870 734 919 advena
751 883 837 937 portus
847 904 860 931 ,

264 946 287 995 ls
304 945 348 993 tibi
365 944 453 993 soliciti
471 944 538 993 causa
555 942 649 992 timoris
666 943 722 992 erit.
916 949 918 1000 J

226 1016 279 1084 lpse
296 1017 352 1067 mihi
366 1018 461 1083 quoties
476 1018 570 1075 iratus,
586 1016 722 1074 Adultera,
740 1016 832 1069 dicesl·

263 1090 361 1140 Oblitus
379 1089 458 1138 nostro
476 1090 566 1138 crimen
582 1087 656 1138 inesse
671 1100 749 1139 tuum.

225 1161 314 1213 Deliui
333 1161 377 1211 fies
391 1161 454 1210 idem
471 1162 635 1227 reprehensor
650 1162 676 1211 dt
692 1162 801 1214 austera

166 1252 218 1289 220
262 1235 359 1293 Terra,
376 1250 483 1299 precor,
502 1235 584 1284 vultus
602 1235 689 1285 obruat
704 1247 762 1286 ante
778 1252 859 1289 meos.

226 1306 262 1357 At
278 1307 343 1357 fruar
360 1307 440 1359 Iliacis
456 1308 561 1372 opibus,
583 1310 702 1374 cultuque
713 1310 811 1368 beat03
915 1303 917 1310 ’

264 1381 386 1447 Donaque
404 1381 527 1447 promissis
545 1381 658 1431 uberiore
676 1381 762 1431 leram.

227 1451 335 1518 Purpura
350 1470 436 1519 nempe
453 1454 529 1512 mihi,
544 1454 699 1518 pretiosaque
714 1466 784 1503 texta
800 1454 930 1509 dabuntur3

264 1526 436 1595 Congestoque
453 1527 504 1576 auri
520 1526 631 1593 pondere
648 1526 715 1575 dives
733 1544 787 1576 ero.

166 1615 200 1651 22
205 1614 216 1663 5
230 1599 271 1650 Da
287 1600 384 1649 veniam
399 1599 481 1657 salim
499 1616 552 1649 non
562 1600 616 1649 sunt
633 1610 674 1650 tua
691 1616 790 1649 munera
808 1601 878 1649 tanti.

264 1671 354 1721 Nescio
372 1688 420 1738 quo
436 1673 508 1722 tellus
524 1689 563 1722 me
581 1684 654 1722 tenet
669 1670 710 1720 ista
726 1673 811 1722 modo.

227 1743 291 1808 Quis
307 1744 384 1803 mihi,
403 1745 423 1794 si
437 1745 530 1802 laedar,
545 1744 655 1813 Phrygiis
671 1745 793 1795 succurrat
808 1746 833 1793 in
852 1741 920 1795 oriri

265 1817 338 1866 Unde
356 1830 436 1882 petam
454 1817 561 1875 fratres,
583 1819 647 1867 unde
664 1820 770 1883 parentis
787 1817 887 1884 opem?
905 1875 907 1879 ¹

207 1925 213 1931 -
229 1887 436 1940 Omnia-Medeae
452 1891 524 1939 fallax
540 1891 651 1955 promisit
667 1891 756 1942 lason:
915 1889 920 1917 ¹

165 1972 218 2027 230
266 1959 335 2010 Pulsa
352 1961 385 2009 est
402 1959 500 2011 AEsonia
519 1979 575 2011 num
592 1965 670 2013 minus
687 1965 727 2014 illa
746 1962 845 2013 domo?
920 2017 922 2022 ,

227 2034 251 2085 N
254 2049 286 2084 on
304 2044 356 2083 erat
371 2032 458 2084 AEetes
472 2067 480 2092 ‚
496 2035 526 2083 ad
541 2052 613 2102 quem
629 2036 740 2102 despetta
754 2037 871 2087 rediret:

265 2107 323 2156 Non
340 2108 409 2173 lpsea
425 2124 531 2174 parens,
553 2109 736 2175 Chalciopeque
753 2110 830 2160 soror.

228 2177 292 2229 Tale
308 2181 399 2230 nihil
381 2193 477 2239 time03
495 2181 537 2232 sed
553 2198 601 2232 nec
615 2181 705 2233 Medda
719 2183 847 2232 timebat.

265 2254 368 2305 Fallitur
381 2256 481 2322 augurio
498 2256 551 2321 spes
567 2257 634 2305 hona·
647 2256 709 2318 saepe
725 2255 777 2303 suo.

165 2339 216 2393 235
231 2324 375 2377 Omnibus
368 2328 499 2383 invenies,
514 2344 567 2393 qure
580 2343 649 2377 nunc·
658 2325 801 2391 jauintur
793 2343 819 2375 in
832 2330 921 2386 altor·

265 2400 401 2450 Nauibusa
417 2412 490 2466 portu
506 2401 562 2449 lene
576 2398 643 2447 fuiffe
657 2398 755 2447 fretum.

226 2472 276 2524 Fax
291 2488 389 2539 quoque
400 2489 439 2521 me
449 2483 547 2528 terret,
567 2486 637 2536 quam
648 2468 673 2518 se
685 2468 803 2534 peperiss'e
816 2484 937 2551 eruentem

264 2544 332 2596 Ante
351 2545 417 2593 diem
430 2541 510 2609 partile
527 2541 560 2591 est
575 2554 618 2591 tua
636 2542 685 2591 visa
703 2558 802 2608 parens.

228 2618 260 2670 Et
277 2629 360 2667 vatum
376 2617 452 2666 timeo
468 2615 593 2673 monitus,
614 2632 675 2682 quos
691 2614 747 2684 igne
764 2615 875 2686 Pelasgo
921 2621 923 2626 '

165 2704 220 2752 240
268 2691 332 2741 Ilion
350 2690 452 2741 arsuram
461 2688 631 2755 ·praemonuille
648 2690 740 2740 ferunt.

228 2764 314 2828 thue
330 2765 397 2815 favet
412 2762 534 2831 Cytherea
548 2761 612 2823 tibi,
629 2764 684 2831 quia
697 2765 774 2823 uicit,
793 2765 921 2831 habetque

264 2834 337 2886 Parta
353 2854 400 2902 per
414 2835 537 2887 arbitrium
555 2797 612 2887 bind
626 2850 719 2903 tropaea
735 2847 824 2895 tuum3

140 2919 142 2923 '
227 2907 269 2957 Sic
285 2909 339 2958 illas
354 2926 465 2970 vereor3
485 2927 557 2977 quae,
575 2912 596 2961 si
611 2923 652 2959 tua
666 2911 816 2977 glorinvera
830 2901 917 2970 eli-2.

263 2978 351 3030 Judice
366 2992 411 3039 te,
426 2982 520 3032 mirsam
536 2999 591 3033 non·
600 2994 702 3032 tenuere
720 2982 783 3029 duae
848 2990 852 2998 '

165 3065 216 3119 245
226 3051 400 3110 Necdubrto
412 3055 488 3120 quin,
501 3066 527 3104 te
538 3069 558 3103 si
552 3054 664 3118 proleq
666 3069 718 3108 rar
730 3069 794 3101 arma
805 3063 941 3117 parentur:

252 3115 321 3178 ΙΜ
328 3137 374 3191 per
390 3126 509 3194 glados,
521 3126 568 3178 hei
576 3120 659 3178 mtu'.
653 3125 665 3158 ⁸
677 3123 757 3185 noller
773 3141 871 3182 amor

133 3327 255 3437 q
