2392 3892
335 397 408 493 328
483 395 653 466 Panis
679 395 901 465 (Euoun.

287 517 320 582 65
333 517 347 570 J
350 534 388 566 arn
399 514 504 567 dolet&
514 514 616 564 Mavors
627 548 634 572 ,
645 527 721 564 terras
731 517 847 581 ultroque
858 513 979 582 reliquit,

369 588 478 640 Praetuiit
495 588 615 637 Anchisen
631 588 685 638 huic
700 589 809 639 habitura
825 587 905 638 suum.

331 661 455 714 Anchisen
469 674 587 727 propter,
603 662 682 710 voluit
696 661 798 711 formosa
812 661 916 710 videri:

369 736 477 801 Visaque
492 733 543 801 post
557 735 628 783 lutam
645 733 720 799 jacuit
734 736 784 783 usta
799 733 878 782 deam.
891 735 903 755 ⁸

333 808 400 873 Quid
414 809 500 857 mirum
513 806 546 855 est
561 806 663 873 potuisse
679 806 747 856 Parin
759 806 916 856 succumbere
927 804 1033 868 Amori,

286 898 322 949 70
370 880 484 931 immunis
500 879 541 927 sub
558 896 606 945 quo
620 879 730 928 nonfuit
746 879 794 945 ipsa
809 879 922 944 parens?

332 954 413 1019 Quam
427 953 495 1003 laesus
510 950 640 1001 Menelaiis
656 963 734 1008 amat,
749 968 798 1000 non
812 950 881 1000 laesus
896 952 986 1002 amavi.

367 1024 472 1091 Adjice‚
489 1041 538 1074 non
554 1023 610 1073 laeso
628 1024 693 1089 quod
708 1040 790 1073 coines
806 1024 855 1089 ipsa
870 1023 927 1072 suit.

330 1099 362 1149 Et
376 1114 474 1164 magnos
485 1131 492 1156 ,
503 1097 595 1153 video,
613 1097 679 1162 cogit
692 1097 748 1145 nrihi
763 1109 832 1162 rapto
846 1097 987 1149 turnultus}
1048 1117 1051 1122 ’

366 1173 518 1235 Armataeque
534 1180 622 1233 petunt
638 1169 754 1235 Pergama
768 1169 833 1217 misle
849 1180 929 1220 rates.

285 1261 318 1312 75
329 1244 387 1294 Non
400 1259 489 1291 vereor
505 1242 562 1291 belli
576 1258 607 1290 ne
622 1258 671 1291 non
685 1243 716 1291 sit
732 1242 800 1291 causa
815 1242 965 1308 probanda:

365 1316 405 1366 Est
419 1309 455 1364 ilii
469 1315 543 1365 facies
558 1315 630 1383 digna
644 1331 744 1364 movere
760 1314 843 1363 duces.

329 1390 354 1441 si
369 1389 426 1439 mihi
441 1390 506 1438 nulla
519 1387 597 1446 fides,
615 1402 719 1437 armatos
735 1387 827 1454 respice
837 1385 951 1439 Atridas.

366 1461 446 1524 Quam
460 1461 505 1511 sibi
518 1461 552 1511 sic
567 1469 698 1525 repetunt,
714 1461 749 1510 sic
763 1460 893 1509 metuenda
910 1460 969 1510 mihi
984 1459 1027 1513 est.

220 1564 227 1575 ι
328 1534 404 1599 Quod
416 1534 437 1585 si
450 1533 574 1583 vertendae
591 1533 655 1597 spem
669 1534 756 1583 mentis
772 1531 881 1598 concipis
896 1532 991 1599 hujus,

284 1606 317 1657 80
367 1605 419 1656 Cur
433 1605 521 1656 cessant
535 1607 617 1655 herbae
631 1605 642 1654 i
658 1606 760 1656 carmina
777 1622 852 1654 curve
868 1604 936 1656 tua?

326 1681 389 1730 Nam
403 1693 428 1729 te
442 1696 489 1729 nec
503 1678 589 1729 Phoebi
604 1679 724 1729 sollertior
739 1678 830 1727 artibus
845 1678 894 1726 ulsa
909 1677 945 1727 est
952 1694 964 1737 3

363 1751 648 1818 Phoebeaeque'iiecates
665 1751 755 1803 somnia,
770 1767 828 1799 vera
843 1750 924 1802 vides.

335 1824 430 1873 Tecum
444 1825 580 1881 sideribus,
597 1836 677 1872 tecum
692 1824 813 1872 deducere
830 1822 925 1871 Lunam
1005 1850 1007 1855 ·

362 1897 489 1954 Nubibus,
508 1897 534 1944 δι
547 1896 644 1943 memini
658 1895 791 1960 surripuisse
808 1895 884 1944 diem.

282 1967 314 2033 85
328 1968 455 2019 Pascebam
469 1980 551 2017 tauros
567 1984 575 2016 ι
591 1968 702 2033 interque
714 1979 821 2016 armenta
836 1968 924 2019 leones

320 2039 324 2045 ’
363 2039 482 2107 Obstupui
496 2040 605 2106 placidos
618 2043 720 2090 vocibus
734 2040 769 2089 ire
784 2040 843 2089 tuis.

325 2113 391 2177 Quid
403 2124 471 2164 retro
485 2113 625 2171 Xanthum,
642 2126 709 2163 retro
724 2112 846 2161 Simoenta
860 2124 978 2163 vocatum

362 2184 479 2252 Adjiciam
493 2185 574 2236 cursus
589 2202 638 2235 nou
652 2185 752 2237 tenuisse
768 2181 846 2235 snos?

323 2258 376 2325 Ipse
392 2270 461 2325 potet
476 2259 592 2317 Cebren,
607 2271 670 2309 natae
686 2258 748 2307 malb
762 2270 829 2307 tutus
845 2257 876 2306 ab
893 2273 960 2319 ore,

278 2346 313 2398 90
363 2331 478 2384 Cantatas
495 2332 590 2397 quoties
606 2332 691 2382 restitit
706 2332 768 2380 inter
782 2347 874 2395 aquare

321 2406 344 2453 N
348 2421 394 2453 unc
405 2405 474 2457 locus
483 2404 583 2454 OEnonae
594 2404 643 2463 est,
660 2422 722 2455 nunc
734 2404 797 2454 illam
809 2402 909 2454 ostende
922 2419 933 2463 3
944 2401 1035 2472 parabit

230 2470 232 2475 ¹
359 2477 416 2528 Sive
427 2492 487 2531 tuos
504 2480 571 2547 ignes
585 2479 696 2543 pellere,
714 2477 766 2527 sire
782 2492 861 2529 meos·

523 2646 765 2713 FINIS.

254 2966 358 3028 Literae
374 2969 476 3050 quibus
493 2968 641 3051 impressus
657 2967 698 3030 est
713 2968 897 3044 hic'Autor‚
915 2992 935 3031 a
949 2968 984 3032 P.
997 2966 1028 3030 S.
1062 2937 1064 2951 Ι

353 3066 578 3129 Founuimt
596 3068 715 3131 Juniore
734 3067 825 3130 incisae
843 3067 920 3133 sunt.
970 3155 977 3168 .
1003 3138 1007 3144 ¹
