2392 3892
278 470 354 523 222
405 448 616 520 Orruit
643 441 892 523 Nasonis

236 612 238 616 ,
276 570 336 620 Non
352 568 433 632 potuit
448 568 533 619 Minos
549 567 651 621 hominis
666 571 823 636 compescere
840 587 951 639 pennas:

314 641 368 707 lpse
385 641 467 690 Deum
482 643 608 693 volucrem
623 642 746 693 detinuisse
763 662 833 709 paro.

277 713 397 773 Fallitur,
416 711 554 766 Haemonias
570 714 591 765 si
610 716 662 781 quis
676 715 783 766 decurrit
798 718 829 767 ad
845 731 911 768 artes
924 736 933 777 3
972 713 982 722 ”

218 802 269 839 too
313 787 432 853 Datque,
451 788 517 855 quod
532 805 545 837 a
560 788 641 838 teneri
657 788 738 839 sronte
751 792 856 841 revellet
873 792 940 857 equi.

279 860 338 911 Non
354 860 464 919 sacient,
483 874 511 911 ur
524 862 592 911 vivat
608 878 695 921 amor,
713 861 842 913 Mede'ides
858 864 965 925 herbae;

316 933 443 999 Mixtaque
460 949 514 984 cum
531 931 629 1002 magicis
646 935 722 985 naenia
738 933 820 985 Marsa
834 935 908 986 sonis.

280 1005 377 1058 Phasias
392 1003 543 1066 AEsoniden,
563 1007 636 1057 Circe
651 1007 764 1057 tenuisset
779 1007 887 1075 Ulyssem
895 1026 907 1069 3

316 1080 342 1129 si
358 1078 432 1131 modi>
445 1080 533 1131 servari
548 1079 652 1130 carmine
667 1080 745 1147 possit
759 1096 838 1131 amor.

221 1166 269 1215 105
280 1151 335 1202 Nec
349 1152 404 1202 data
420 1152 556 1217 profuerint
571 1153 686 1217 pallentia
700 1153 789 1219 philtra
806 1151 911 1221 puellis:
989 1172 991 1176 ·

284 1277 287 1283 ,
316 1222 407 1273 Philtra
422 1236 515 1275 nocent
530 1223 634 1284 animis,
653 1221 751 1293 vimque
769 1226 857 1280 suroris
874 1228 972 1277 hahent.

279 1294 316 1346 Sit
333 1298 420 1362 procul
435 1313 509 1355 omne
526 1298 594 1348 nefas
609 1312 618 1348 t
633 1310 662 1350 ut
676 1299 782 1355 ameris,
799 1300 904 1350 amabilis
921 1300 990 1352 ello:

317 1368 393 1432 Quod
406 1370 450 1420 tibi
465 1388 516 1421 non
531 1370 625 1431 saties,
642 1368 723 1421 solave
737 1372 836 1431 sonna,
854 1373 929 1425 dabit.

281 1441 319 1494 Sis
333 1442 393 1493 licet
409 1444 507 1510 antiquo
524 1444 615 1508 Nireus
630 1444 753 1495 adamatus
770 1443 902 1504 Homero,

221 1527 271 1565 tto
317 1516 486 1584 Naiadumque
502 1529 573 1568 tener
590 1516 690 1568 crimme
704 1530 787 1581 raptus
803 1513 893 1585 Hylas.

283 1588 319 1639 Ut
334 1589 453 1639 dominam
469 1602 573 1650 teneas,
591 1606 639 1641 nec
655 1602 681 1640 te
697 1590 784 1639 mirere
799 1589 929 1649 relislum,
988 1608 990 1613 ·

317 1662 412 1729 Ingenii
428 1662 498 1715 dotes
513 1663 623 1729 corporis
638 1662 700 1712 adde
716 1662 796 1715 bonis.

255 1734 989 1804 Formabonumstagileesttquantumqueacceditadannos,

317 1808 335 1857 F
338 1807 356 1856 it
373 1808 471 1867 minor;
489 1809 515 1859 ὃ(
532 1808 609 1874 spatio
626 1808 732 1873 carpitur
747 1806 797 1871 ipsa
813 1807 867 1857 suo.

221 1892 269 1941 115
280 1880 335 1928 Nec
351 1881 423 1929 violae
437 1880 549 1946 semper,
567 1895 614 1930 nec
630 1879 719 1929 hiantia
735 1880 785 1928 lilia
801 1879 916 1939 florent5
989 1898 991 1904 ¹

315 1950 348 2000 Et
362 1952 426 2019 riget
440 1950 524 2001 amissi
538 1950 603 2017 spina
617 1951 699 2002 resista
714 1951 780 2001 rosi.

279 2022 313 2074 Et
329 2022 372 2074 tibi
387 2023 435 2091 jam
450 2024 503 2073 cani
518 2024 639 2083 venient,
656 2024 783 2082 formose,
800 2024 902 2091 capilli:

318 2096 371 2148 Jam
387 2097 488 2149 venient
501 2113 587 2165 rugae,
605 2110 659 2164 qua
675 2095 720 2146 tihi
736 2111 825 2163 corpus
841 2110 920 2148 arent.

280 2170 335 2223 llam
345 2170 430 2222 molire
440 2171 543 2221 animum
555 2204 563 2231 ,
579 2170 621 2238 qui
632 2170 721 2230 duret5
738 2169 764 2221 ὰ
773 2168 850 2220 astrue
861 2171 958 2226 sortuae.

217 2258 273 2312 '120
319 2245 390 2295 Solus
407 2245 438 2295 ad
455 2256 577 2295 extremos
593 2255 719 2310 permanet
734 2241 775 2293 1112
789 2259 874 2312 rogos.

282 2317 337 2367 Nec
354 2318 415 2367 levis
432 2316 548 2385 ingenuas
564 2318 647 2382 pesius
665 2315 762 2366 coluisse
779 2332 824 2381 per
838 2328 903 2369 artes

322 2389 387 2439 Cura
403 2388 453 2447 sit,
474 2389 608 2457 &linguas
625 2387 745 2438 edidicisse
763 2389 831 2439 duas.

281 2463 340 2510 Non
354 2461 473 2511 formosus
487 2474 560 2517 erat,
581 2460 623 2509 sed
638 2473 690 2511 erat
706 2461 823 2512 facundus
839 2460 957 2530 Ulysses:

279 2591 286 2596 „
318 2533 350 2583 Et
365 2546 446 2584 tamen
461 2547 585 2597 aequoreas
601 2531 674 2581 torsit
689 2549 771 2583 amore
787 2533 865 2584 Deas.

224 2621 270 2671 125
286 2604 310 2657 O
329 2605 335 2654 1
353 2606 448 2673 quoties
464 2604 533 2654 illum
549 2604 627 2654 doluit
642 2620 774 2671 properare
790 2605 895 2673 Calypso
911 2605 918 2655 l

319 2678 479 2748 Remigioque
492 2690 560 2745 aptas
575 2676 622 2729 esse
638 2677 736 2746 negavit
752 2680 845 2747 aquas!

282 2753 345 2804 Haec
359 2752 443 2821 Trojae
458 2752 524 2802 casus
539 2752 675 2819 iterumque
691 2751 828 2820 iterumque
842 2752 966 2818 rogabat:

321 2826 365 2877 llle
381 2827 475 2877 reserre
491 2826 561 2877 aliter
577 2826 639 2893 saepe
656 2826 748 2877 solebat
763 2827 837 2876 idem.

282 2897 368 2949 Litore
384 2899 539 2950 constiterant
554 2916 563 2951 ε
577 2899 627 2949 illic
642 2915 739 2965 quoque
752 2896 853 2965 pulchra
866 2890 975 2962 Calypso
994 2915 996 2919 ·

224 2979 274 3030 130
296 2972 401 3039 *Exigit
416 2972 517 3039 Odrysii
535 2971 583 3021 sata
601 2983 701 3022 cruenta
718 2970 793 3019 ducis.

283 3040 328 3091 1112
344 3045 393 3093 levi
406 3044 492 3112 virgi,
512 3045 603 3112 virgam
618 3059 672 3093 narn
686 3040 750 3090 sorte
762 3041 882 3098 tenebat,

320 3113 397 3187 Quod
413 3130 502 3185 rogat,
522 3117 546 3168 in
564 3113 631 3184 spisso
647 3114 719 3165 litore
736 3113 813 3184 pingit
829 3129 903 3183 opus.
