2392 3892
343 497 623 569 Hariolum.
649 499 726 567 ΕΡ.
753 501 793 568 V.
867 519 916 593 23

203 620 249 673 Me
263 616 312 669 fide
328 618 469 683 conspicuus
485 615 569 682 Trojae
584 619 690 667 munitor
704 619 808 668 amavit:

242 694 287 754 Ille
302 708 363 741 meae
378 691 478 756 spolium
492 690 635 757 virginitatis
649 691 732 742 habet.
931 696 984 745 140

203 765 236 817 ld
249 782 346 838 qqpque
357 764 468 814 lullando
480 779 487 812 ε
499 763 552 828 rupi
563 774 645 813 tamen
656 781 737 831 ungue
747 764 847 830 capillos
858 796 867 822 ,

244 838 344 903 Oraque
354 836 413 890 ,sunt
426 837 506 903 digitis
521 835 603 901 aspera
618 836 678 887 falla
693 838 762 887 meis.

204 910 261 961 Nec
272 908 375 976 pretium
386 908 458 974 stupri
467 925 572 975 gemmas
582 926 696 959 aurumve
707 907 826 977 pdposci:

242 983 360 1048 Turpiter
377 982 506 1047 ingenuum
523 997 621 1031 munera
636 1000 725 1049 corpus
741 994 835 1031 emunt.

204 1055 259 1122 lpse
269 1087 278 1113 ‚
292 1066 359 1104 ratus
370 1054 480 1120 dignam,
492 1054 595 1105 medicas
606 1057 661 1106 mihi
670 1056 772 1105 tradidit
782 1067 866 1113 artes;
931 1068 981 1119 145

243 1125 397 1191 Admisitque
413 1143 476 1177 meas
491 1126 520 1176 ad
536 1126 576 1176 lua
592 1127 657 1178 dona
669 1146 763 1179 manus.

202 1200 374 1264 Quaecumque
381 1200 453 1249 herba
459 1211 545 1265 potens
550 1200 581 1249 ad
590 1218 677 1267 opem,
688 1202 804 1269 radixque
811 1197 920 1249 medenti

245 1272 320 1321 Utilis
331 1271 355 1320 in
368 1283 422 1328 tuto
437 1273 540 1323 nascitur
557 1276 616 1324 orbe
627 1274 705 1333 ,mea
720 1274 762 1325 est.

203 1345 250 1396 Me
261 1344 386 1395 miseraml
400 1346 465 1412 qued
476 1362 543 1395 amor
553 1362 603 1394 non
615 1346 648 1395 eli
657 1347 802 1397 medicabilis
812 1346 903 1397 herbis.

241 1416 372 1474 Deficior,
388 1418 493 1483 prudens
509 1416 585 1474 artis,
601 1418 630 1464 ab
645 1428 697 1466 arte
712 1418 775 1466 med.
931 1433 984 1484 ¹50

202 1489 259 1556 lpse
273 1500 390 1555 repertor
401 1488 453 1554 opis
464 1503 551 1539 vaccas
565 1487 652 1553 paville
665 1487 776 1540 Pheraeas

242 1563 349 1621 Fertur,
366 1561 391 1611 δι
401 1579 416 1610 a
426 1560 506 1611 nostro
517 1561 610 1612 saucius
621 1562 677 1629 igne
689 1561 744 1611 fuit.

206 1634 283 1702 Quod
293 1651 373 1701 neque
383 1636 526 1703 graminibus
536 1635 610 1685 tellus
620 1634 725 1685 fecunda
738 1632 865 1693 creandis,

242 1711 298 1759 Nec
314 1709 383 1758 Deus
397 1724 405 1765 ς
420 1708 532 1757 auxilium
548 1720 575 1758 tu
589 1707 647 1757 mihi
662 1709 728 1757 ferre
744 1720 826 1774 potes.

205 1781 237 1831 Et
253 1794 342 1847 potes,
358 1780 384 1831 ὅ(
398 1780 475 1831 merui
487 1796 494 1829 ε
508 1780 584 1846 dignae
602 1782 713 1832 miserere
728 1783 834 1848 puellae:
932 1797 983 1849 155

239 1855 301 1903 'Non
316 1869 364 1919 ego
381 1869 435 1902 cum
451 1853 546 1903 Danais
564 1870 628 1902 arma
645 1866 745 1904 cruenta
762 1855 828 1905 lero.

207 1925 256 1976 Sed
271 1940 313 1975 tua
330 1924 398 1984 sum,
414 1937 544 1991 tecumque
562 1926 597 1975 fui
611 1928 742 1992 puerilibus
758 1928 843 1977 annist

244 1998 276 2049 Et
290 2009 349 2056 tua,
363 1998 429 2065 quod
439 1998 544 2064 teperest
557 2000 690 2067 temporis,
707 1998 753 2052 elle
770 2016 869 2067 precor·

294 2259 298 2264 -
364 2225 652 2291 EPISTOLA
692 2227 757 2288 VI.

290 2356 588 2420 sirmam
629 2349 834 2410 JAsoMJ

208 2443 263 2561 L
274 2523 311 2560 ιτ
320 2522 339 2562 ο
348 2506 537 2560 nn‘Theffaliae
543 2504 630 2557 reduci
640 2503 742 2573 tetigille
753 2504 835 2556 carini
908 2553 910 2558 .

242 2584 361 2639 Diceris,
377 2592 468 2632 stuata
482 2582 576 2630 vellere
591 2580 659 2630 dives
670 2579 733 2628 ovis.

208 2654 330 2707 Gratulor
340 2653 470 2711 incolumi,
485 2664 598 2719 quantum
609 2650 662 2705 linis
674 2668 681 2702 ι
694 2651 742 2701 hoc
752 2649 892 2719 tamenipl‘a

242 2730 387 2779 Debueram
405 2726 493 2791 scripto
512 2725 603 2774 certior
619 2724 666 2774 elle
681 2735 735 2773 tuo.

209 2799 287 2859 Nam,
306 2816 338 2851 ne
349 2798 417 2864 palia
426 2798 469 2847 tibi
478 2810 567 2862 praeter
576 2813 630 2846 mea
640 2812 714 2863 regna
725 2794 836 2855 redires,
924 2820 941 2879 5

245 2873 307 2923 Cdm
324 2886 444 2937 cuperes,
458 2883 546 2919 ventus
561 2883 611 2919 nou
625 2866 730 2917 habuille
747 2880 829 2933 potes·

196 2944 352 3011 Quamlibet
367 2941 469 2994 adverso
482 2940 586 3007 signetur
604 2940 702 3005 epistola
713 2951 805 3002 vento,

244 3017 379 3085 Hypsipyle
394 3015 462 3066 missi
473 3015 548 3082 'digna
563 3012 637 3063 salute
654 3012 697 3062 sui.

210 3089 261 3142 Cur
274 3092 333 3140 mihi
343 3091 404 3140 mma
414 3089 496 3155 prior,
508 3090 577 3154 qudm
587 3086 675 3137 nuncia
684 3087 770 3144 litera,
784 3086 852 3141 veuit
861 3098 874 3151 5

245 3162 291 3220 lise
307 3164 386 3219 laetos
400 3162 488 3218 Mnus
503 3161 545 3213 sub
561 3159 618 3231 juga
630 3160 709 3230 panda
725 3159 822 3215 bovesi
930 3179 965 3221 ιο
