2392 3892
238 448 399 520 Lanam
424 448 455 517 1.
480 445 673 517 Eiron
700 393 788 519 Vll.
826 471 899 546 129
992 506 998 517 .

190 566 257 631 Quid
271 566 330 617 mihi
341 567 481 627 vobiscum,
500 567 573 618 caedis
588 568 753 636 scelerumque
766 570 898 623 ministrae?

224 640 318 689 Debita
333 640 453 707 sacrilegae
468 641 548 690 vincla
564 642 641 691 subite
656 658 748 691 manus.

188 711 247 769 An,
264 713 286 761 si
302 713 425 777 pulsallem
439 714 560 763 minimum
576 714 607 763 de
622 715 694 780 plebe
712 714 853 779 Quiritem,

224 784 368 835 Preuerer?
387 787 411 835 in
429 787 549 854 dominam
565 786 603 851 jus
617 788 675 837 mihi
691 780 855 854 majus'erit?
907 804 943 859 30

188 854 295 908 Pessima
310 858 421 925 Tydides
435 858 553 907 scelerum
568 873 722 909 monumenta
737 860 852 927 reliquit:

222 932 268 980 llle
285 932 368 980 Deam
384 930 474 996 primus
490 932 614 995 perculit;
632 933 695 981 alter
708 948 767 999 ego.

187 1002 233 1054 Sed
250 1002 330 1053 minus
346 1003 387 1053 ille
402 1018 494 1053 nocens
510 1020 517 1053 ε
532 1004 606 1061 milri,
623 1020 692 1071 quam
706 1004 838 1072 profitebar
851 1011 942 1071 amari,

220 1075 292 1128 Laesa
308 1073 362 1133 eli3
383 1075 492 1143 Tydides
508 1076 583 1127 saevus
599 1076 624 1126 in
639 1077 706 1127 holle
722 1078 777 1130 fuit.

188 1149 302 1207 laune,
320 1148 459 1217 magnificos
474 1150 555 1222 vitiet¹
566 1151 652 1202 molire
667 1151 822 1220 triumphos:
907 1169 921 1222 3
928 1172 941 1219 5

198 1226 201 1233 '
222 1224 304 1289 Cinge
323 1238 415 1272 comam
430 1224 516 1281 lauro,
533 1238 640 1290 votaque
655 1225 730 1276 redde
746 1227 821 1279 Jovi:

188 1295 298 1362 Quaque
314 1308 371 1346 tuos
387 1313 472 1346 currus
489 1297 646 1346 comitantum
661 1299 731 1348 turba
747 1300 879 1367 sequetem,

224 1369 339 1427 Clamet3
357 1369 387 1419 lo
402 1368 461 1419 forti
474 1368 536 1419 viiia
551 1369 632 1436 puella
648 1368 723 1420 virol

187 1440 252 1493 Ante
269 1453 311 1492 eat
329 1440 405 1492 effuso
421 1439 491 1492 tristis
507 1441 602 1507 captiva
621 1442 730 1509 capillo,

223 1516 249 1565 Si
264 1515 373 1566 sinerent
390 1514 470 1573 laesae,
489 1515 590 1565 candida
608 1527 682 1575 tota,
702 1532 780 1584 geuae.
905 1533 943 1583 4ο

187 1582 274 1655 'Aptius
290 1588 412 1655 impressis
428 1600 481 1638 erat
499 1604 527 1638 os
541 1589 619 1641 livere
633 1590 746 1650 labellis,
908 1583 912 1589 ⁵

185 1655 192 1719 ’,
223 1662 255 1711 Et
271 1661 336 1711 collo
352 1660 433 1711 blandi
449 1659 527 1714 dentis
543 1662 633 1713 habere
649 1675 751 1715 notam.v
801 1700 806 1707 -

187 1734 320 1800 Denique,
340 1733 361 1785 si
376 1733 461 1784 tumidi
475 1735 523 1785 ritu
541 1736 657 1786 torrentis
672 1737 781 1805 agebar,

184 1799 187 1810 ¹
222 1806 344 1872 Caecaque
360 1823 400 1856 me
416 1808 519 1873 praedam
535 1808 630 1859 fecerat
643 1809 678 1859 ira
694 1810 780 1867 suam;

186 1878 277 1931 Nonne
292 1879 347 1931 satis
363 1880 443 1931 luerat
457 1881 545 1932 timidae
561 1881 696 1934 inclamasse
709 1879 822 1949 puellae?
905 1896 940 1949 45

190 2010 193 2016 ,
222 1954 278 2005 Nec
295 1950 391 2004 nitniiim
405 1954 492 2022 rigidas
507 1955 634 2007 intonuill'e
649 1956 749 2008 minas?

187 2023 238 2079 'Aut
253 2026 360 2078 tunicam
373 2027 461 2078 summi
477 2028 598 2079 deducere
614 2031 718 2095 turpiter
734 2028 778 2079 ord

189 2159 192 2164 ι
222 2097 262 2150 Ad
276 2099 403 2150 mediam?
420 2100 505 2149 mediae
522 2117 584 2149 zona
598 2100 688 2151 tulisset
704 2116 788 2165 opem·

183 2171 222 2224 At
236 2190 300 2224 nunc
317 2169 431 2229 sustinui,
452 2172 527 2237 raptis
542 2190 556 2221 a
569 2174 652 2222 fronte
667 2171 779 2238 capillis,
883 2199 887 2208 ·

223 2246 327 2296 Ferreus
343 2244 461 2310 ingenuas
475 2260 555 2311 ungue
571 2255 658 2294 notare
678 2260 761 2311 genas.
868 2253 873 2258 ·
909 2261 943 2309 50

188 2317 439 2373 assuritanum,
456 2318 530 2375 albo,
552 2317 577 2369 δι
593 2316 646 2369 sine
660 2315 791 2387 sanguine,
809 2318 899 2382 vultu,

224 2387 358 2442 Caeduntur
374 2388 449 2442 Pariis
466 2389 544 2456 qualia
561 2389 615 2442 saxa
631 2389 705 2460 jugis.

188 2462 317 2514 Exanimes
331 2476 416 2522 artus,
438 2463 465 2515 dt
479 2464 584 2515 membra
601 2463 729 2516 trementia
744 2464 814 2525 vidi;
844 2505 846 2512 .

157 2593 160 2599 ¹
197 2531 199 2537 ’
222 2537 259 2587 Ut
276 2535 330 2586 clim
346 2538 461 2603 populeas
476 2538 578 2587 ventilat
594 2554 651 2589 aura
666 2554 766 2591 comas:
832 2545 835 2551 ’

188 2610 224 2660 Ut
236 2610 289 2662 leni
304 2607 420 2676 Zephyro
435 2611 528 2677 gracilis
546 2611 653 2663 vibratur
667 2612 759 2664 arundo
771 2645 782 2669 ,
906 2626 940 2679 55

223 2681 352 2733 Summave
367 2680 421 2732 clim
436 2684 520 2748 tepido
537 2682 656 2751 stringitur
671 2686 734 2735 unda
752 2685 834 2739 Noto.

189 2753 360 2821 Suspensaeque
379 2752 420 2802 diu
433 2754 546 2824 lactymae
563 2757 656 2807 fluxere
672 2772 795 2823 perora,

189 2832 193 2848 '
224 2827 339 2892 Qualiter
353 2824 446 2891 abjecta
462 2827 492 2878 de
508 2830 563 2880 nive
579 2841 660 2879 manat
674 2846 745 2895 aqua.

188 2897 258 2953 Tunc
276 2916 324 2967 ego
340 2915 380 2949 me
393 2898 493 2964 primdm
508 2904 572 2970 coepi
586 2901 675 2953 sentire
691 2912 842 2955 nocentemt

225 2973 326 3039 Sanguis
341 2984 410 3023 erant
425 2973 557 3043 lacrymae,
576 2992 634 3041 quas
649 2974 721 3025 dabat
735 2974 793 3034 illa,
807 2993 883 3028 meus.
905 2979 941 3030 60

187 3044 240 3105 Ter
254 3043 334 3095 tamen
350 3058 406 3096 ante
424 3049 500 3112 pedes
516 3047 584 3097 volui
597 3048 756 3115 procumbere
770 3047 869 3117 supplex
886 3069 894 3103 z

225 3118 278 3171 Ter
295 3119 431 3174 formidatas
447 3121 538 3189 repulit¹
552 3121 590 3173 illa
609 3137 704 3188 manus.

801 3216 851 3267 ev
